2902 4890
389 371 560 421 cunnrnn
583 371 931 420 nuccosuxorucnn.
1122 355 1189 420 253

127 538 257 596 v111.et
273 530 449 595 dimidiam
471 527 696 614 placitorum¹
716 531 761 594 ad
781 529 990 613 Dynghowe
1008 529 1100 613 quod
1113 526 1187 593 An-

130 632 221 714 glice
237 631 363 696 dicitur
376 630 514 716 nygend
528 629 605 693 half
615 630 788 711 hundred3
813 638 848 695 et
862 630 1012 694 omnium
1026 630 1187 693 uillarum

128 750 271 796 suarum
298 732 376 796 iura
400 731 530 814 regalia
561 749 677 794 annuo
713 731 749 795 in
785 731 946 795 omnibus
972 731 1072 793 terris
1100 749 1188 813 quas

130 831 234 897 modo
261 832 389 896 habent
416 838 451 895 et
479 849 566 914 quas
593 830 705 895 adhuc
729 831 936 915 adquisituri
962 839 1044 895 sunt
1071 829 1108 893 in
1133 829 1188 893 dei

130 949 248 996 amore
264 951 305 996 ac
322 933 389 996 mei
406 939 441 995 et
457 932 568 996 tocius
586 932 716 1013 populi.

596 1117 716 1129 --—-

525 1228 798 1295 nccccxvr.

456 1352 757 1457 uinwuunn,
780 1378 878 1443 1043.

206 1529 246 1610 ›1‹
269 1525 370 1591 PAcn
400 1533 581 1610 regnante,
604 1526 766 1608 largiflua
791 1526 921 1592 Christi
945 1528 1189 1610 omnipotentis

135 1627 273 1690 bonitas
307 1646 441 1710 semper
472 1629 517 1692 ab
547 1627 705 1692 omnibus
739 1634 792 1690 est
822 1626 996 1691 laudanda
1029 1630 1190 1711 omnique

137 1726 240 1790 laude
262 1728 498 1809 praeferenda,
520 1728 604 1811 quia
628 1727 723 1791 nullo
745 1728 911 1791 bonitatis
931 1729 1077 1793 termino
1094 1728 1190 1793 ualet

136 1827 293 1890 concludi
311 1828 348 1891 in
365 1829 580 1892 saeculorum
597 1827 749 1905 saecula,
766 1835 885 1909 utpote
903 1829 983 1910 quia
998 1828 1088 1891 idem
1105 1827 1189 1891 deus

137 1926 212 2010 ipse
238 1927 285 1991 sit
314 1947 398 1992 suae
424 1928 583 2011 propriae
615 1929 781 1992 bonitatis
805 1929 956 2005 bonitas,
981 1929 1189 1992 distribuens

139 2027 249 2108 gratis
267 2047 336 2091 non
351 2034 485 2091 tantum
502 2028 615 2111 dignis
631 2047 750 2092 uerum
766 2027 870 2091 etiam
885 2027 1033 2110 indignis
1056 2034 1189 2109 partem

139 2145 222 2191 suae
254 2127 441 2203 bonitatis';
476 2135 529 2192 est
559 2128 686 2210 quippe
718 2148 782 2191 rex
811 2146 932 2209 regum
964 2136 999 2192 et
1032 2127 1189 2191 dominus

140 2225 389 2292 dominantium
431 2227 653 2311 omniumque
701 2227 961 2291 subsistentium
1003 2227 1190 2291 uisibilium

141 2333 247 2410 atque
270 2327 494 2391 inuisibilium
517 2334 664 2404 creator,
688 2333 723 2391 et
744 2346 828 2390 suae
857 2326 1040 2392 creationis
1067 2326 1192 2390 discre-

141 2426 295 2490 tissimus
317 2418 515 2511 dispositor,
538 2428 713 2509 attingcns
738 2446 759 2490 a
787 2427 855 2490 fine
880 2446 990 2510 usque
1017 2426 1061 2490 ad
1091 2426 1193 2490 finem

141 2526 362 2608 suauiterque
380 2527 566 2611 disponens
594 2547 728 2590 omnem
755 2532 947 2592 creaturam
969 2533 1009 2589 ut
1030 2527 1195 2609 competit

142 2625 280 2690 diuinae
298 2626 523 2692 dominationi
538 2626 623 2692 eius.
678 2626 770 2691 Nam
787 2626 954 2709 quosdam
975 2625 1082 2690 libero
1105 2627 1196 2690 arbi·

142 2727 210 2790 trio
236 2726 440 2809 quibusdam
470 2727 638 2809 praefecit
665 2726 834 2808 dignitate
866 2726 968 2789 huius
1000 2727 1130 2791 saeculi
1160 2733 1196 2791 et

141 2827 305 2909 operibus
325 2827 484 2905 diuersis,
500 2828 626 2910 quibus
648 2846 783 2891 rursum
809 2827 952 2891 mandat
975 2834 1015 2891 ut
1040 2827 1106 2910 ipsi
1132 2846 1196 2891 sua

143 2925 348 2991 sufficientia
369 2934 404 2991 et
426 2928 593 2991 bonorum
616 2926 851 2991 habundantia
877 2927 1013 2990 illorum
1043 2927 1196 2991 releuare

140 3032 179 3090 et
196 3033 389 3092 sustentare
411 3027 559 3092 debeant
574 3027 726 3109 inopiam
742 3027 802 3108 qui
825 3027 939 3089 minus
962 3028 1196 3091 saecularibus

145 3125 346 3191 habundant
362 3128 523 3210 negotiis,
539 3134 578 3191 ut
592 3146 655 3209 pro
672 3126 737 3190 hoc
754 3125 876 3189 maiori
892 3127 1026 3207 possint
1043 3125 1197 3191 mercede

142 3228 190 3291 ab
218 3232 261 3291 eo
288 3227 420 3293 donari.
474 3227 574 3291 Unde
600 3246 665 3308 ego
684 3224 897 3290 Eadwardus
918 3223 1111 3306 Anglorum
1135 3245 1197 3289 rex

146 3327 304 3391 omnibus
327 3335 408 3410 post
433 3348 487 3392 me
510 3327 634 3391 suturis
655 3327 806 3408 regibus,
825 3324 1103 3407 archiepiscopis,
1126 3326 1198 3406 cpi-

145 3426 273 3509 scopis,
291 3427 486 3505 abbatibus,
506 3427 663 3504 ducibus,
681 3427 906 3509 omnibusque
933 3424 1063 3488 Christi
1090 3424 1199 3488 fideli-

147 3527 213 3590 bus
235 3533 356 3591 notum
378 3526 452 3591 fieri
471 3527 553 3591 uolo
574 3527 666 3610 quod
694 3526 900 3590 uenerabilis
918 3524 990 3588 dux
1010 3523 1199 3602 Leofricus,

147 3625 267 3690 diuina
289 3627 479 3710 inspirante
512 3628 626 3709 gratia
655 3627 864 3709 monitisque
896 3625 1038 3706 gloriosi
1065 3643 1106 3688 ac
1135 3624 1199 3688 deo

149 3723 266 3790 dilecti
316 3728 441 3790 summi
490 3725 662 3810 pontificis
699 3720 905 3803 Alexandri,
955 3724 1200 3790 monasterium

149 3833 292 3890 sanctae
317 3826 373 3890 dei
400 3828 576 3909 genitricis
593 3826 729 3890 Mariae
750 3826 931 3909 sanctique
949 3823 1047 3888 Petri
1074 3831 1109 3887 et
1129 3844 1203 3889 om-

149 3924 246 3989 nium
273 3934 471 3992 sanctorum
500 3928 536 3991 in
564 3927 648 3991 uilla
675 3946 764 4010 quae
792 3925 917 3989 dicitur
941 3923 1115 3989 Couentre
1139 3943 1201 3986 ex-

150 4027 263 4091 truxit
301 4027 476 4111 largisque
517 4027 714 4091 muneribus
753 4025 945 4101 adornauit,
981 4031 1085 4107 atque
1124 4024 1202 4087 sub·

159 4179 161 4183 ·
256 4150 266 4185 ³
283 4154 359 4206 Mss,
371 4154 477 4206 cantab.
488 4160 515 4205 et
527 4155 600 4206 Harl.
618 4157 665 4204 645
675 4154 693 4205 s.
707 4148 773 4204 125⁶.
785 4152 884 4202 dimidii
895 4151 1088 4203 hundredorum.
