2902 4890
249 352 315 415 238
502 368 673 415 CHARTAE
701 366 1043 414 ancnosrxourcnu.

251 523 379 587 diaboli
410 543 548 606 quoquo
577 522 715 603 ingenio
741 521 925 601 infringere
955 522 1190 603 temptauerit,
1216 523 1304 586 iram

252 623 306 686 dei
324 633 359 688 ot
376 624 526 688 omnium
544 630 741 687 sanctorum
761 621 945 685 maledicta
961 622 1114 687 incurrat
1136 629 1171 687 et
1188 623 1305 686 subita

252 731 362 787 morte
386 724 546 798 intereat,
570 724 659 786 sicut
682 720 878 803 praedictus
902 721 956 784 dei
984 722 1143 785 inimicus
1157 719 1304 786 Thunur

252 823 394 898 interiit,
413 823 652 905 percutiatque
678 840 756 884 eum
784 821 869 884 deus
898 821 1049 884 amentia
1074 829 1109 885 et
1137 822 1305 886 coecitate

252 942 294 985 ac
315 923 430 986 furore
447 923 584 997 mentis,
600 922 761 1003 omnique
779 928 932 1002 tempore
950 920 1181 1003 calumpniam
1197 922 1305 985 male-

253 1022 414 1086 dictionis
441 1021 496 1084 dei
523 1021 704 1096 sustineat,
734 1039 797 1083 nec
824 1020 870 1084 sit
897 1019 957 1101 qui
984 1038 1061 1083 eum
1087 1020 1210 1084 liberet
1239 1022 1305 1085 nisi

252 1122 432 1204 poenitens
458 1122 639 1203 resipiscat
661 1127 695 1184 et
717 1120 823 1200 digna
846 1118 1081 1184 emendatione
1099 1120 1305 1185 satisfaciat.

254 1219 354 1284 Haec
382 1229 498 1285 autem
525 1220 665 1284 traditio
688 1220 815 1301 regalis
842 1219 878 1282 in
899 1218 1019 1284 eodem
1042 1219 1119 1283 loco
1148 1229 1306 1285 seruetur

252 1320 457 1385 inconuulsa
491 1327 527 1384 et
563 1318 846 1395 incontaminata,
876 1318 940 1382 deo
980 1325 1081 1395 teste,
1105 1319 1163 1402 qui
1203 1320 1304 1396 dixit,

252 1421 392 1483 ‘Michi
418 1419 617 1496 uindictam,
650 1439 714 1497 ego
738 1419 924 1482 retribuam
938 1417 960 1492 ;'
992 1418 1306 1484 contradicentibus

253 1538 336 1583 uero
355 1521 398 1583 ad
422 1520 555 1584 ruinam
580 1518 675 1584 etad
696 1517 1036 1600 condempnationem
1055 1519 1092 1581 in
1110 1517 1164 1582 die
1181 1518 1306 1583 suroris

253 1618 383 1683 domini
403 1639 480 1683 cum
506 1620 555 1682 eis
585 1619 645 1701 qui
665 1618 828 1682 dixerunt
844 1618 982 1681 domino
1003 1618 1079 1695 deo,
1104 1618 1266 1683 ‘Recede
1284 1639 1306 1681 a

253 1720 363 1795 nobis,
381 1719 559 1783 scientiam
584 1718 718 1783 uiarum
739 1725 875 1782 tuarum
894 1716 1075 1782 nolumus?
1098 1745 1100 1748 ·

720 1905 838 1916 ...a-—

690 2012 883 2079 nccccr.

627 2136 932 2229 ainwanan.

310 2311 348 2397 ›1‹
378 2314 596 2378 Ernwnnno
627 2311 941 2394 Angol-Saxonum
963 2312 1210 2392 gloriosissimo
1231 2312 1305 2393 regi

254 2414 493 2490 consentienti,
525 2432 658 2476 necnon
686 2418 722 2475 et
753 2412 827 2475 eius
855 2412 1080 2494 optimatibus
1113 2414 1174 2495 qui
1206 2412 1243 2478 ei
1269 2414 1305 2474 in

254 2514 450 2597 praesentia
476 2520 557 2576 tunc
582 2512 739 2586 aderant,
766 2530 912 2593 quorum
937 2511 991 2575 hic
1016 2511 1157 2576 nomina
1183 2512 1306 2576 subtus

254 2621 429 2689 notantur,
447 2611 578 2679 familia
599 2612 663 2676 deo
686 2610 924 2675 famulantium
949 2611 1137 2679 aecclesiae
1164 2619 1307 2676 sanctae

253 2713 438 2776 saluatoris
456 2712 631 2792 quaesita
654 2711 690 2773 in
715 2711 792 2775 loco
818 2711 961 2793 antiqno
983 2711 1153 2778 uocabulo
1174 2730 1306 2774 nuncu·

253 2821 336 2894 pato
353 2810 572 2886 Maildeburi,
590 2829 694 2893 opere
718 2809 930 2892 cymentario
957 2810 1185 2892 pulcherrime
1212 2830 1306 2874 com-

253 2911 368 2991 posita
385 2909 546 2986 cernitur,
558 2908 747 2973 uenerabili
766 2909 883 2973 comiti
893 2908 1036 2975 Ordlaso
1053 2909 1305 2993 aliquantulum

254 3017 378 3083 terrae,
387 3007 423 3071 id
439 3016 493 3072 est
508 3025 553 3072 .V.
569 3008 791 3082 manentium,
805 3023 889 3072 suae
903 3009 1063 3092 propriae
1078 3009 1306 3091 possessionis

252 3109 289 3172 in
311 3108 389 3173 loco
414 3110 473 3192 qui
490 3108 616 3172 dicitur
639 3107 865 3173 Mehhandun
887 3108 1039 3190 largiens
1056 3108 1225 3185 concedit,
1242 3128 1306 3190 pro

253 3208 520 3274 commutatione
537 3208 679 3272 alterius
697 3214 820 3284 terrae,
842 3208 877 3272 id
900 3215 954 3272 est
979 3212 1080 3272 .1111⁰‘.
1096 3209 1305 3274 manentium

241 3308 290 3371 ,in
305 3308 380 3372 loco
394 3310 454 3371 ubi
472 3309 639 3372 ruricolae
650 3305 858 3372 Goellewrde
874 3308 1050 3386 uocitant3
1068 3307 1175 3374 finitis
1189 3315 1305 3373 autem

254 3408 374 3472 diebus
394 3411 496 3471 .1111⁰¹.
515 3408 712 3484 haeredum,
729 3408 907 3490 praedicta
924 3415 1017 3472 terra
1032 3406 1069 3471 in
1084 3407 1306 3472 Mehhandun

256 3507 419 3573 fratribus
447 3507 751 3589 supramemoratis
771 3508 902 3589 absque
920 3507 1014 3571 omni
1037 3507 1306 3572 contradictione

254 3607 417 3671 reddatur
444 3607 479 3669 in
498 3606 677 3670 seruitium
699 3607 894 3687 pristinum,
923 3625 1056 3670 necnon
1086 3613 1121 3671 et
1147 3607 1306 3671 dominus

253 3706 310 3769 uel
327 3707 536 3787 gubernator
551 3704 771 3787 supradictae
788 3705 977 3770 aecclesiae
993 3706 1072 3770 illas
1091 3709 1194 3772 ,111102
1211 3725 1306 3770 man-

253 3812 351 3868 entes
368 3806 402 3867 in
419 3804 655 3870 Choellewrae
674 3805 739 3868 sibi
757 3805 791 3868 in
809 3824 909 3869 usum
925 3805 1108 3890 pristinum
1125 3805 1304 3888 suscipiat.
