<?xml version="1.0" encoding="UTF-8"?>
<!DOCTYPE html PUBLIC "-//W3C//DTD XHTML 1.0 Transitional//EN"
    "http://www.w3.org/TR/xhtml1/DTD/xhtml1-transitional.dtd">
<html xmlns="http://www.w3.org/1999/xhtml" xml:lang="en" lang="en">
 <head>
  <title>
</title>
<meta http-equiv="Content-Type" content="text/html;charset=utf-8" />
  <meta name='ocr-system' content='tesseract 3.04.00' />
  <meta name='ocr-capabilities' content='ocr_page ocr_carea ocr_par ocr_line ocrx_word'/>
</head>
<body>
  <div class='ocr_page' id='page_1' title='image "./codexdiplomatic03kembgoog_0213.png"; bbox 0 0 2902 4890; ppageno 0'>
   <div class='ocr_carea' id='block_1_1' title="bbox 251 352 1048 418">
    <p class='ocr_par' dir='ltr' id='par_1_1' title="bbox 251 352 1048 418">
     <span class='ocr_line' id='line_1_1' title="bbox 251 352 1048 418; baseline -0.008 0"><span class='ocrx_word' id='word_1_1' title='bbox 251 352 317 418; x_wconf 83' lang='lat'><strong>186</strong></span> <span class='ocrx_word' id='word_1_2' title='bbox 509 366 681 417; x_wconf 72' lang='lat' dir='ltr'><strong>ounnrnn</strong></span> <span class='ocrx_word' id='word_1_3' title='bbox 704 361 1048 412; x_wconf 74' lang='lat' dir='ltr'><strong>luenosnxouronn.</strong></span> 
     </span>
    </p>
   </div>
   <div class='ocr_carea' id='block_1_2' title="bbox 249 519 1304 605">
    <p class='ocr_par' dir='ltr' id='par_1_2' title="bbox 249 519 1304 605">
     <span class='ocr_line' id='line_1_2' title="bbox 249 519 1304 605; baseline -0.002 -19"><span class='ocrx_word' id='word_1_4' title='bbox 249 522 418 605; x_wconf 90' lang='lat' dir='ltr'><strong>meipsum</strong></span> <span class='ocrx_word' id='word_1_5' title='bbox 450 522 605 588; x_wconf 89' lang='lat' dir='ltr'><strong>commisi</strong></span> <span class='ocrx_word' id='word_1_6' title='bbox 639 528 675 586; x_wconf 89' lang='lat' dir='ltr'><strong>et</strong></span> <span class='ocrx_word' id='word_1_7' title='bbox 703 541 766 604; x_wconf 92' lang='lat' dir='ltr'><strong>pro</strong></span> <span class='ocrx_word' id='word_1_8' title='bbox 791 521 976 586; x_wconf 89' lang='lat' dir='ltr'><strong>deuotione</strong></span> <span class='ocrx_word' id='word_1_9' title='bbox 1016 527 1052 585; x_wconf 89' lang='lat' dir='ltr'><strong>et</strong></span> <span class='ocrx_word' id='word_1_10' title='bbox 1080 519 1304 585; x_wconf 87' lang='lat' dir='ltr'><strong>ueneratione</strong></span> 
     </span>
    </p>
   </div>
   <div class='ocr_carea' id='block_1_3' title="bbox 226 620 1307 4207">
    <p class='ocr_par' dir='ltr' id='par_1_3' title="bbox 226 620 1307 4207">
     <span class='ocr_line' id='line_1_3' title="bbox 250 620 1303 706; baseline -0.003 -19"><span class='ocrx_word' id='word_1_11' title='bbox 250 630 449 688; x_wconf 89' lang='lat' dir='ltr'><strong>sanctarum</strong></span> <span class='ocrx_word' id='word_1_12' title='bbox 466 623 686 706; x_wconf 90' lang='lat' dir='ltr'><strong>reliquiarum</strong></span> <span class='ocrx_word' id='word_1_13' title='bbox 706 640 793 705; x_wconf 88' lang='lat' dir='ltr'><strong>quas</strong></span> <span class='ocrx_word' id='word_1_14' title='bbox 806 622 920 686; x_wconf 69' lang='lat' dir='ltr'><strong>,eidem</strong></span> <span class='ocrx_word' id='word_1_15' title='bbox 945 621 1022 685; x_wconf 92' lang='lat' dir='ltr'><strong>loco</strong></span> <span class='ocrx_word' id='word_1_16' title='bbox 1045 620 1188 697; x_wconf 90' lang='lat' dir='ltr'><strong>contuli,</strong></span> <span class='ocrx_word' id='word_1_17' title='bbox 1205 621 1303 684; x_wconf 87' lang='lat' dir='ltr'><strong>beat-</strong></span> 
     </span>
     <span class='ocr_line' id='line_1_4' title="bbox 250 711 1304 806; baseline -0.003 -19"><span class='ocrx_word' id='word_1_18' title='bbox 250 742 348 787; x_wconf 87' lang='lat' dir='ltr'><strong>orum</strong></span> <span class='ocrx_word' id='word_1_19' title='bbox 365 711 526 788; x_wconf 90' lang='lat' dir='ltr'><strong>uidelicet</strong></span> <span class='ocrx_word' id='word_1_20' title='bbox 541 722 788 806; x_wconf 90' lang='lat' dir='ltr'><strong>apostolorum,</strong></span> <span class='ocrx_word' id='word_1_21' title='bbox 799 729 1002 805; x_wconf 87' lang='lat' dir='ltr'><strong>martyrum,</strong></span> <span class='ocrx_word' id='word_1_22' title='bbox 1012 721 1304 797; x_wconf 86' lang='lat' dir='ltr'><strong>confessorum,et</strong></span> 
     </span>
     <span class='ocr_line' id='line_1_5' title="bbox 251 820 1303 910; baseline -0.002 -24"><span class='ocrx_word' id='word_1_23' title='bbox 251 823 434 910; x_wconf 81' lang='lat' dir='ltr'><strong>uirginum,</strong></span> <span class='ocrx_word' id='word_1_24' title='bbox 466 832 506 888; x_wconf 92' lang='lat' dir='ltr'><strong>ut</strong></span> <span class='ocrx_word' id='word_1_25' title='bbox 539 823 754 906; x_wconf 91' lang='lat' dir='ltr'><strong>omnipotens</strong></span> <span class='ocrx_word' id='word_1_26' title='bbox 784 822 943 886; x_wconf 85' lang='lat' dir='ltr'><strong>dominus</strong></span> <span class='ocrx_word' id='word_1_27' title='bbox 970 841 1033 904; x_wconf 89' lang='lat' dir='ltr'><strong>par</strong></span> <span class='ocrx_word' id='word_1_28' title='bbox 1058 821 1203 886; x_wconf 90' lang='lat' dir='ltr'><strong>istorum</strong></span> <span class='ocrx_word' id='word_1_29' title='bbox 1233 820 1303 885; x_wconf 87' lang='lat' dir='ltr'><strong>suf-</strong></span> 
     </span>
     <span class='ocr_line' id='line_1_6' title="bbox 250 912 1303 1006; baseline -0.002 -21"><span class='ocrx_word' id='word_1_30' title='bbox 250 922 363 1004; x_wconf 84' lang='lat' dir='ltr'><strong>fragia</strong></span> <span class='ocrx_word' id='word_1_31' title='bbox 385 912 583 988; x_wconf 89' lang='lat' dir='ltr'><strong>sanctorum</strong></span> <span class='ocrx_word' id='word_1_32' title='bbox 605 923 757 1006; x_wconf 83' lang='lat' dir='ltr'><strong>depulsis</strong></span> <span class='ocrx_word' id='word_1_33' title='bbox 779 923 912 987; x_wconf 88' lang='lat' dir='ltr'><strong>cunctis</strong></span> <span class='ocrx_word' id='word_1_34' title='bbox 929 921 1208 998; x_wconf 74' lang='lat' dir='ltr'><strong>aduersitatibuS,</strong></span> <span class='ocrx_word' id='word_1_35' title='bbox 1224 939 1303 984; x_wconf 91' lang='lat' dir='ltr'><strong>cum</strong></span> 
     </span>
     <span class='ocr_line' id='line_1_7' title="bbox 251 1020 1304 1106; baseline -0.003 -20"><span class='ocrx_word' id='word_1_36' title='bbox 251 1023 348 1106; x_wconf 83' lang='lat' dir='ltr'><strong>pacis</strong></span> <span class='ocrx_word' id='word_1_37' title='bbox 365 1032 401 1088; x_wconf 88' lang='lat' dir='ltr'><strong>et</strong></span> <span class='ocrx_word' id='word_1_38' title='bbox 422 1023 562 1088; x_wconf 86' lang='lat' dir='ltr'><strong>honoris</strong></span> <span class='ocrx_word' id='word_1_39' title='bbox 579 1024 633 1088; x_wconf 93' lang='lat' dir='ltr'><strong>sui</strong></span> <span class='ocrx_word' id='word_1_40' title='bbox 658 1023 848 1087; x_wconf 83' lang='lat' dir='ltr'><strong>stabilitate</strong></span> <span class='ocrx_word' id='word_1_41' title='bbox 866 1041 907 1087; x_wconf 91' lang='lat' dir='ltr'><strong>ac</strong></span> <span class='ocrx_word' id='word_1_42' title='bbox 928 1029 1117 1105; x_wconf 83' lang='lat' dir='ltr'><strong>perpetuae</strong></span> <span class='ocrx_word' id='word_1_43' title='bbox 1132 1020 1304 1104; x_wconf 90' lang='lat' dir='ltr'><strong>tranquil-</strong></span> 
     </span>
     <span class='ocr_line' id='line_1_8' title="bbox 251 1121 1303 1204; baseline -0.001 -19"><span class='ocrx_word' id='word_1_44' title='bbox 251 1123 361 1187; x_wconf 88' lang='lat' dir='ltr'><strong>litatis</strong></span> <span class='ocrx_word' id='word_1_45' title='bbox 386 1123 618 1188; x_wconf 90' lang='lat' dir='ltr'><strong>sullimationa</strong></span> <span class='ocrx_word' id='word_1_46' title='bbox 645 1123 760 1188; x_wconf 89' lang='lat' dir='ltr'><strong>locum</strong></span> <span class='ocrx_word' id='word_1_47' title='bbox 786 1122 884 1186; x_wconf 92' lang='lat' dir='ltr'><strong>illum</strong></span> <span class='ocrx_word' id='word_1_48' title='bbox 914 1122 1099 1199; x_wconf 90' lang='lat' dir='ltr'><strong>custodiat,</strong></span> <span class='ocrx_word' id='word_1_49' title='bbox 1128 1121 1303 1204; x_wconf 88' lang='lat' dir='ltr'><strong>disponat,</strong></span> 
     </span>
     <span class='ocr_line' id='line_1_9' title="bbox 253 1221 1304 1307; baseline -0.002 -22"><span class='ocrx_word' id='word_1_50' title='bbox 253 1231 288 1285; x_wconf 91' lang='lat' dir='ltr'><strong>et</strong></span> <span class='ocrx_word' id='word_1_51' title='bbox 316 1230 489 1306; x_wconf 88' lang='lat' dir='ltr'><strong>protegat,</strong></span> <span class='ocrx_word' id='word_1_52' title='bbox 525 1230 560 1287; x_wconf 90' lang='lat' dir='ltr'><strong>et</strong></span> <span class='ocrx_word' id='word_1_53' title='bbox 593 1243 656 1307; x_wconf 92' lang='lat' dir='ltr'><strong>pro</strong></span> <span class='ocrx_word' id='word_1_54' title='bbox 685 1222 869 1304; x_wconf 86' lang='lat' dir='ltr'><strong>magnifica</strong></span> <span class='ocrx_word' id='word_1_55' title='bbox 897 1222 1066 1304; x_wconf 81' lang='lat' dir='ltr'><strong>dignitate</strong></span> <span class='ocrx_word' id='word_1_56' title='bbox 1091 1222 1166 1286; x_wconf 89' lang='lat' dir='ltr'><strong>siue</strong></span> <span class='ocrx_word' id='word_1_57' title='bbox 1193 1221 1304 1302; x_wconf 88' lang='lat' dir='ltr'><strong>regali</strong></span> 
     </span>
     <span class='ocr_line' id='line_1_10' title="bbox 253 1321 1303 1406; baseline 0 -21"><span class='ocrx_word' id='word_1_58' title='bbox 253 1323 460 1387; x_wconf 83' lang='lat' dir='ltr'><strong>excellentia</strong></span> <span class='ocrx_word' id='word_1_59' title='bbox 479 1322 590 1406; x_wconf 90' lang='lat' dir='ltr'><strong>ipsius</strong></span> <span class='ocrx_word' id='word_1_60' title='bbox 613 1323 799 1387; x_wconf 88' lang='lat' dir='ltr'><strong>aecclesiae</strong></span> <span class='ocrx_word' id='word_1_61' title='bbox 827 1330 862 1387; x_wconf 94' lang='lat' dir='ltr'><strong>et</strong></span> <span class='ocrx_word' id='word_1_62' title='bbox 891 1341 954 1405; x_wconf 90' lang='lat' dir='ltr'><strong>pro</strong></span> <span class='ocrx_word' id='word_1_63' title='bbox 978 1324 1093 1406; x_wconf 89' lang='lat' dir='ltr'><strong>quiete</strong></span> <span class='ocrx_word' id='word_1_64' title='bbox 1119 1321 1303 1386; x_wconf 90' lang='lat' dir='ltr'><strong>monacho-</strong></span> 
     </span>
     <span class='ocr_line' id='line_1_11' title="bbox 253 1421 1304 1488; baseline 0 -4"><span class='ocrx_word' id='word_1_65' title='bbox 253 1441 327 1485; x_wconf 90' lang='lat' dir='ltr'><strong>rum</strong></span> <span class='ocrx_word' id='word_1_66' title='bbox 358 1423 483 1487; x_wconf 89' lang='lat' dir='ltr'><strong>ibidem</strong></span> <span class='ocrx_word' id='word_1_67' title='bbox 515 1423 579 1488; x_wconf 91' lang='lat' dir='ltr'><strong>deo</strong></span> <span class='ocrx_word' id='word_1_68' title='bbox 611 1422 851 1487; x_wconf 83' lang='lat' dir='ltr'><strong>famulantium</strong></span> <span class='ocrx_word' id='word_1_69' title='bbox 886 1429 1005 1487; x_wconf 86' lang='lat' dir='ltr'><strong>tantus</strong></span> <span class='ocrx_word' id='word_1_70' title='bbox 1039 1421 1151 1486; x_wconf 91' lang='lat' dir='ltr'><strong>honor</strong></span> <span class='ocrx_word' id='word_1_71' title='bbox 1192 1421 1304 1485; x_wconf 88' lang='lat' dir='ltr'><strong>eidem</strong></span> 
     </span>
     <span class='ocr_line' id='line_1_12' title="bbox 253 1522 1306 1606; baseline 0.001 -21"><span class='ocrx_word' id='word_1_72' title='bbox 253 1522 440 1586; x_wconf 88' lang='lat' dir='ltr'><strong>aecclesiae</strong></span> <span class='ocrx_word' id='word_1_73' title='bbox 482 1523 650 1587; x_wconf 90' lang='lat' dir='ltr'><strong>habeatur</strong></span> <span class='ocrx_word' id='word_1_74' title='bbox 679 1524 930 1606; x_wconf 87' lang='lat' dir='ltr'><strong>imperpetuum</strong></span> <span class='ocrx_word' id='word_1_75' title='bbox 965 1529 1001 1586; x_wconf 91' lang='lat' dir='ltr'><strong>et</strong></span> <span class='ocrx_word' id='word_1_76' title='bbox 1033 1522 1237 1587; x_wconf 87' lang='lat' dir='ltr'><strong>obseruetur</strong></span> <span class='ocrx_word' id='word_1_77' title='bbox 1264 1529 1306 1586; x_wconf 92' lang='lat' dir='ltr'><strong>ut</strong></span> 
     </span>
     <span class='ocr_line' id='line_1_13' title="bbox 252 1622 1305 1707; baseline 0 -23"><span class='ocrx_word' id='word_1_78' title='bbox 252 1641 363 1704; x_wconf 88' lang='lat' dir='ltr'><strong>neque</strong></span> <span class='ocrx_word' id='word_1_79' title='bbox 402 1642 465 1688; x_wconf 91' lang='lat' dir='ltr'><strong>nos</strong></span> <span class='ocrx_word' id='word_1_80' title='bbox 494 1643 605 1707; x_wconf 90' lang='lat' dir='ltr'><strong>neque</strong></span> <span class='ocrx_word' id='word_1_81' title='bbox 639 1642 856 1687; x_wconf 89' lang='lat' dir='ltr'><strong>successores</strong></span> <span class='ocrx_word' id='word_1_82' title='bbox 885 1623 994 1686; x_wconf 84' lang='lat' dir='ltr'><strong>nostri</strong></span> <span class='ocrx_word' id='word_1_83' title='bbox 1020 1641 1132 1704; x_wconf 89' lang='lat' dir='ltr'><strong>neque</strong></span> <span class='ocrx_word' id='word_1_84' title='bbox 1158 1622 1305 1705; x_wconf 91' lang='lat' dir='ltr'><strong>quilibet</strong></span> 
     </span>
     <span class='ocr_line' id='line_1_14' title="bbox 253 1722 1304 1806; baseline -0.001 -21"><span class='ocrx_word' id='word_1_85' title='bbox 253 1723 435 1805; x_wconf 89' lang='lat' dir='ltr'><strong>episcopus</strong></span> <span class='ocrx_word' id='word_1_86' title='bbox 470 1743 534 1786; x_wconf 89' lang='lat' dir='ltr'><strong>neo</strong></span> <span class='ocrx_word' id='word_1_87' title='bbox 560 1723 755 1806; x_wconf 88' lang='lat' dir='ltr'><strong>quicunque</strong></span> <span class='ocrx_word' id='word_1_88' title='bbox 782 1723 824 1786; x_wconf 91' lang='lat' dir='ltr'><strong>de</strong></span> <span class='ocrx_word' id='word_1_89' title='bbox 855 1722 1035 1787; x_wconf 91' lang='lat' dir='ltr'><strong>iudiciaria</strong></span> <span class='ocrx_word' id='word_1_90' title='bbox 1061 1729 1235 1805; x_wconf 87' lang='lat' dir='ltr'><strong>potestate</strong></span> <span class='ocrx_word' id='word_1_91' title='bbox 1266 1722 1304 1784; x_wconf 94' lang='lat' dir='ltr'><strong>in</strong></span> 
     </span>
     <span class='ocr_line' id='line_1_15' title="bbox 252 1821 1304 1905; baseline 0 -19"><span class='ocrx_word' id='word_1_92' title='bbox 252 1822 363 1905; x_wconf 88' lang='lat' dir='ltr'><strong>ipsam</strong></span> <span class='ocrx_word' id='word_1_93' title='bbox 386 1830 542 1887; x_wconf 90' lang='lat' dir='ltr'><strong>sanctam</strong></span> <span class='ocrx_word' id='word_1_94' title='bbox 564 1822 742 1888; x_wconf 87' lang='lat' dir='ltr'><strong>basilicam</strong></span> <span class='ocrx_word' id='word_1_95' title='bbox 765 1823 822 1885; x_wconf 93' lang='lat' dir='ltr'><strong>uel</strong></span> <span class='ocrx_word' id='word_1_96' title='bbox 838 1821 874 1885; x_wconf 93' lang='lat' dir='ltr'><strong>in</strong></span> <span class='ocrx_word' id='word_1_97' title='bbox 889 1829 1067 1886; x_wconf 87' lang='lat' dir='ltr'><strong>manentes</strong></span> <span class='ocrx_word' id='word_1_98' title='bbox 1085 1823 1122 1887; x_wconf 94' lang='lat' dir='ltr'><strong>in</strong></span> <span class='ocrx_word' id='word_1_99' title='bbox 1139 1823 1229 1905; x_wconf 91' lang='lat' dir='ltr'><strong>ipsa,</strong></span> <span class='ocrx_word' id='word_1_100' title='bbox 1246 1822 1304 1886; x_wconf 91' lang='lat' dir='ltr'><strong>uel</strong></span> 
     </span>
     <span class='ocr_line' id='line_1_16' title="bbox 252 1921 1303 2006; baseline 0.001 -21"><span class='ocrx_word' id='word_1_101' title='bbox 252 1922 288 1985; x_wconf 91' lang='lat' dir='ltr'><strong>in</strong></span> <span class='ocrx_word' id='word_1_102' title='bbox 314 1923 468 1987; x_wconf 89' lang='lat' dir='ltr'><strong>homines</strong></span> <span class='ocrx_word' id='word_1_103' title='bbox 494 1925 553 2006; x_wconf 93' lang='lat' dir='ltr'><strong>qui</strong></span> <span class='ocrx_word' id='word_1_104' title='bbox 579 1943 657 1987; x_wconf 91' lang='lat' dir='ltr'><strong>cum</strong></span> <span class='ocrx_word' id='word_1_105' title='bbox 682 1923 754 1987; x_wconf 91' lang='lat' dir='ltr'><strong>suis</strong></span> <span class='ocrx_word' id='word_1_106' title='bbox 777 1923 878 1987; x_wconf 90' lang='lat' dir='ltr'><strong>terris</strong></span> <span class='ocrx_word' id='word_1_107' title='bbox 893 1923 952 1986; x_wconf 95' lang='lat' dir='ltr'><strong>uel</strong></span> <span class='ocrx_word' id='word_1_108' title='bbox 965 1921 1173 1986; x_wconf 89' lang='lat' dir='ltr'><strong>substanciis</strong></span> <span class='ocrx_word' id='word_1_109' title='bbox 1191 1923 1303 2006; x_wconf 90' lang='lat' dir='ltr'><strong>quali-</strong></span> 
     </span>
     <span class='ocr_line' id='line_1_17' title="bbox 252 2022 1305 2107; baseline 0.001 -21"><span class='ocrx_word' id='word_1_110' title='bbox 252 2023 447 2106; x_wconf 91' lang='lat' dir='ltr'><strong>betcunque</strong></span> <span class='ocrx_word' id='word_1_111' title='bbox 465 2022 508 2087; x_wconf 84' lang='lat' dir='ltr'><strong>ad</strong></span> <span class='ocrx_word' id='word_1_112' title='bbox 529 2024 640 2107; x_wconf 87' lang='lat' dir='ltr'><strong>ipsam</strong></span> <span class='ocrx_word' id='word_1_113' title='bbox 660 2023 796 2087; x_wconf 88' lang='lat' dir='ltr'><strong>tradere</strong></span> <span class='ocrx_word' id='word_1_114' title='bbox 813 2023 871 2087; x_wconf 92' lang='lat' dir='ltr'><strong>uel</strong></span> <span class='ocrx_word' id='word_1_115' title='bbox 888 2023 1059 2087; x_wconf 91' lang='lat' dir='ltr'><strong>deuouere</strong></span> <span class='ocrx_word' id='word_1_116' title='bbox 1076 2042 1113 2086; x_wconf 90' lang='lat' dir='ltr'><strong>se</strong></span> <span class='ocrx_word' id='word_1_117' title='bbox 1130 2023 1305 2087; x_wconf 89' lang='lat' dir='ltr'><strong>uoluerint</strong></span> 
     </span>
     <span class='ocr_line' id='line_1_18' title="bbox 252 2123 1304 2208; baseline 0 -21"><span class='ocrx_word' id='word_1_118' title='bbox 252 2123 318 2187; x_wconf 89' lang='lat' dir='ltr'><strong>nisi</strong></span> <span class='ocrx_word' id='word_1_119' title='bbox 343 2143 406 2208; x_wconf 91' lang='lat' dir='ltr'><strong>per</strong></span> <span class='ocrx_word' id='word_1_120' title='bbox 432 2124 646 2190; x_wconf 88' lang='lat' dir='ltr'><strong>uoluntatem</strong></span> <span class='ocrx_word' id='word_1_121' title='bbox 675 2123 810 2188; x_wconf 89' lang='lat' dir='ltr'><strong>abbatis</strong></span> <span class='ocrx_word' id='word_1_122' title='bbox 837 2130 874 2188; x_wconf 89' lang='lat' dir='ltr'><strong>et</strong></span> <span class='ocrx_word' id='word_1_123' title='bbox 895 2142 1035 2187; x_wconf 88' lang='lat' dir='ltr'><strong>suorum</strong></span> <span class='ocrx_word' id='word_1_124' title='bbox 1058 2123 1304 2188; x_wconf 87' lang='lat' dir='ltr'><strong>monachorum</strong></span> 
     </span>
     <span class='ocr_line' id='line_1_19' title="bbox 252 2222 1304 2307; baseline 0 -19"><span class='ocrx_word' id='word_1_125' title='bbox 252 2223 359 2288; x_wconf 86' lang='lat' dir='ltr'><strong>ullam</strong></span> <span class='ocrx_word' id='word_1_126' title='bbox 389 2243 540 2306; x_wconf 90' lang='lat' dir='ltr'><strong>unquam</strong></span> <span class='ocrx_word' id='word_1_127' title='bbox 574 2224 725 2288; x_wconf 90' lang='lat' dir='ltr'><strong>habeant</strong></span> <span class='ocrx_word' id='word_1_128' title='bbox 764 2230 983 2307; x_wconf 87' lang='lat' dir='ltr'><strong>potestatem.</strong></span> <span class='ocrx_word' id='word_1_129' title='bbox 1047 2222 1115 2287; x_wconf 92' lang='lat' dir='ltr'><strong>Sed</strong></span> <span class='ocrx_word' id='word_1_130' title='bbox 1144 2223 1192 2288; x_wconf 90' lang='lat' dir='ltr'><strong>sit</strong></span> <span class='ocrx_word' id='word_1_131' title='bbox 1218 2223 1304 2288; x_wconf 90' lang='lat' dir='ltr'><strong>haec</strong></span> 
     </span>
     <span class='ocr_line' id='line_1_20' title="bbox 252 2323 1305 2407; baseline 0.001 -20"><span class='ocrx_word' id='word_1_132' title='bbox 252 2331 374 2388; x_wconf 90' lang='lat' dir='ltr'><strong>sancta</strong></span> <span class='ocrx_word' id='word_1_133' title='bbox 401 2331 514 2388; x_wconf 90' lang='lat' dir='ltr'><strong>mater</strong></span> <span class='ocrx_word' id='word_1_134' title='bbox 550 2324 717 2389; x_wconf 90' lang='lat' dir='ltr'><strong>aecclesia</strong></span> <span class='ocrx_word' id='word_1_135' title='bbox 746 2324 930 2406; x_wconf 87' lang='lat' dir='ltr'><strong>peculiaris</strong></span> <span class='ocrx_word' id='word_1_136' title='bbox 960 2323 1098 2407; x_wconf 90' lang='lat' dir='ltr'><strong>patroni</strong></span> <span class='ocrx_word' id='word_1_137' title='bbox 1132 2331 1167 2388; x_wconf 87' lang='lat' dir='ltr'><strong>et</strong></span> <span class='ocrx_word' id='word_1_138' title='bbox 1193 2325 1305 2389; x_wconf 92' lang='lat' dir='ltr'><strong>nostri</strong></span> 
     </span>
     <span class='ocr_line' id='line_1_21' title="bbox 252 2422 1305 2506; baseline 0.004 -20"><span class='ocrx_word' id='word_1_139' title='bbox 252 2423 383 2488; x_wconf 92' lang='lat' dir='ltr'><strong>domini</strong></span> <span class='ocrx_word' id='word_1_140' title='bbox 411 2432 446 2488; x_wconf 88' lang='lat' dir='ltr'><strong>et</strong></span> <span class='ocrx_word' id='word_1_141' title='bbox 475 2424 593 2505; x_wconf 88' lang='lat' dir='ltr'><strong>magni</strong></span> <span class='ocrx_word' id='word_1_142' title='bbox 622 2422 771 2506; x_wconf 92' lang='lat' dir='ltr'><strong>apostoli</strong></span> <span class='ocrx_word' id='word_1_143' title='bbox 803 2430 857 2487; x_wconf 89' lang='lat' dir='ltr'><strong>ter</strong></span> <span class='ocrx_word' id='word_1_144' title='bbox 884 2423 977 2487; x_wconf 90' lang='lat' dir='ltr'><strong>beati</strong></span> <span class='ocrx_word' id='word_1_145' title='bbox 1007 2423 1104 2488; x_wconf 87' lang='lat' dir='ltr'><strong>Petri</strong></span> <span class='ocrx_word' id='word_1_146' title='bbox 1127 2422 1237 2489; x_wconf 90' lang='lat' dir='ltr'><strong>libera</strong></span> <span class='ocrx_word' id='word_1_147' title='bbox 1267 2431 1305 2490; x_wconf 89' lang='lat' dir='ltr'><strong>et</strong></span> 
     </span>
     <span class='ocr_line' id='line_1_22' title="bbox 252 2522 1305 2606; baseline 0.001 -18"><span class='ocrx_word' id='word_1_148' title='bbox 252 2523 413 2588; x_wconf 86' lang='lat' dir='ltr'><strong>absoluta</strong></span> <span class='ocrx_word' id='word_1_149' title='bbox 432 2526 476 2589; x_wconf 90' lang='lat' dir='ltr'><strong>ab</strong></span> <span class='ocrx_word' id='word_1_150' title='bbox 496 2524 589 2588; x_wconf 91' lang='lat' dir='ltr'><strong>omni</strong></span> <span class='ocrx_word' id='word_1_151' title='bbox 612 2523 789 2588; x_wconf 89' lang='lat' dir='ltr'><strong>inuasione</strong></span> <span class='ocrx_word' id='word_1_152' title='bbox 814 2522 871 2587; x_wconf 92' lang='lat' dir='ltr'><strong>uel</strong></span> <span class='ocrx_word' id='word_1_153' title='bbox 891 2523 1130 2606; x_wconf 90' lang='lat' dir='ltr'><strong>inquietudine</strong></span> <span class='ocrx_word' id='word_1_154' title='bbox 1152 2525 1305 2589; x_wconf 90' lang='lat' dir='ltr'><strong>omnium</strong></span> 
     </span>
     <span class='ocr_line' id='line_1_23' title="bbox 252 2623 1304 2707; baseline 0.002 -21"><span class='ocrx_word' id='word_1_155' title='bbox 252 2624 427 2688; x_wconf 91' lang='lat' dir='ltr'><strong>hominum</strong></span> <span class='ocrx_word' id='word_1_156' title='bbox 445 2624 677 2707; x_wconf 91' lang='lat' dir='ltr'><strong>cuiuscunque</strong></span> <span class='ocrx_word' id='word_1_157' title='bbox 695 2623 823 2688; x_wconf 88' lang='lat' dir='ltr'><strong>ordinis</strong></span> <span class='ocrx_word' id='word_1_158' title='bbox 840 2623 898 2686; x_wconf 92' lang='lat' dir='ltr'><strong>uel</strong></span> <span class='ocrx_word' id='word_1_159' title='bbox 914 2623 1098 2706; x_wconf 90' lang='lat' dir='ltr'><strong>potestatis</strong></span> <span class='ocrx_word' id='word_1_160' title='bbox 1115 2643 1191 2689; x_wconf 89' lang='lat' dir='ltr'><strong>esse</strong></span> <span class='ocrx_word' id='word_1_161' title='bbox 1208 2625 1304 2688; x_wconf 89' lang='lat' dir='ltr'><strong>uide-</strong></span> 
     </span>
     <span class='ocr_line' id='line_1_24' title="bbox 253 2723 1305 2806; baseline 0.002 -19"><span class='ocrx_word' id='word_1_162' title='bbox 253 2731 365 2790; x_wconf 90' lang='lat' dir='ltr'><strong>antur.</strong></span> <span class='ocrx_word' id='word_1_163' title='bbox 428 2723 615 2789; x_wconf 89' lang='lat' dir='ltr'><strong>Praeterea</strong></span> <span class='ocrx_word' id='word_1_164' title='bbox 637 2723 731 2788; x_wconf 91' lang='lat' dir='ltr'><strong>aliud</strong></span> <span class='ocrx_word' id='word_1_165' title='bbox 758 2723 932 2787; x_wconf 89' lang='lat' dir='ltr'><strong>constituo</strong></span> <span class='ocrx_word' id='word_1_166' title='bbox 957 2730 1063 2806; x_wconf 84' lang='lat' dir='ltr'><strong>atque</strong></span> <span class='ocrx_word' id='word_1_167' title='bbox 1087 2723 1305 2806; x_wconf 84' lang='lat' dir='ltr'><strong>imperpetuo</strong></span> 
     </span>
     <span class='ocr_line' id='line_1_25' title="bbox 253 2822 1306 2907; baseline 0.004 -21"><span class='ocrx_word' id='word_1_168' title='bbox 253 2822 428 2901; x_wconf 89' lang='lat' dir='ltr'><strong>confirmo,</strong></span> <span class='ocrx_word' id='word_1_169' title='bbox 446 2824 648 2906; x_wconf 88' lang='lat' dir='ltr'><strong>utquisque</strong></span> <span class='ocrx_word' id='word_1_170' title='bbox 670 2822 893 2905; x_wconf 87' lang='lat' dir='ltr'><strong>fugitiuorum</strong></span> <span class='ocrx_word' id='word_1_171' title='bbox 919 2822 961 2886; x_wconf 91' lang='lat' dir='ltr'><strong>de</strong></span> <span class='ocrx_word' id='word_1_172' title='bbox 982 2842 1199 2907; x_wconf 89' lang='lat' dir='ltr'><strong>quocumque</strong></span> <span class='ocrx_word' id='word_1_173' title='bbox 1215 2824 1306 2903; x_wconf 94' lang='lat' dir='ltr'><strong>loco,</strong></span> 
     </span>
     <span class='ocr_line' id='line_1_26' title="bbox 252 2923 1306 3007; baseline 0.004 -22"><span class='ocrx_word' id='word_1_174' title='bbox 252 2942 316 3006; x_wconf 91' lang='lat' dir='ltr'><strong>pro</strong></span> <span class='ocrx_word' id='word_1_175' title='bbox 347 2942 563 3007; x_wconf 91' lang='lat' dir='ltr'><strong>quacumque</strong></span> <span class='ocrx_word' id='word_1_176' title='bbox 602 2943 719 3000; x_wconf 90' lang='lat' dir='ltr'><strong>causa,</strong></span> <span class='ocrx_word' id='word_1_177' title='bbox 749 2923 982 3005; x_wconf 91' lang='lat' dir='ltr'><strong>cuiuscunque</strong></span> <span class='ocrx_word' id='word_1_178' title='bbox 1019 2923 1224 2988; x_wconf 86' lang='lat' dir='ltr'><strong>conditionis</strong></span> <span class='ocrx_word' id='word_1_179' title='bbox 1246 2925 1306 3003; x_wconf 91' lang='lat' dir='ltr'><strong>sit,</strong></span> 
     </span>
     <span class='ocr_line' id='line_1_27' title="bbox 251 3022 1305 3106; baseline 0.004 -20"><span class='ocrx_word' id='word_1_180' title='bbox 251 3024 363 3105; x_wconf 91' lang='lat' dir='ltr'><strong>ipsum</strong></span> <span class='ocrx_word' id='word_1_181' title='bbox 396 3030 554 3087; x_wconf 86' lang='lat' dir='ltr'><strong>sanctum</strong></span> <span class='ocrx_word' id='word_1_182' title='bbox 580 3023 695 3087; x_wconf 92' lang='lat' dir='ltr'><strong>locum</strong></span> <span class='ocrx_word' id='word_1_183' title='bbox 717 3023 775 3086; x_wconf 91' lang='lat' dir='ltr'><strong>uel</strong></span> <span class='ocrx_word' id='word_1_184' title='bbox 798 3022 1035 3106; x_wconf 90' lang='lat' dir='ltr'><strong>praecinctum</strong></span> <span class='ocrx_word' id='word_1_185' title='bbox 1065 3023 1200 3105; x_wconf 83' lang='lat' dir='ltr'><strong>fugiens</strong></span> <span class='ocrx_word' id='word_1_186' title='bbox 1229 3027 1305 3090; x_wconf 89' lang='lat' dir='ltr'><strong>eius</strong></span> 
     </span>
     <span class='ocr_line' id='line_1_28' title="bbox 251 3123 1304 3206; baseline 0.003 -19"><span class='ocrx_word' id='word_1_187' title='bbox 251 3123 447 3200; x_wconf 90' lang='lat' dir='ltr'><strong>intrauerit‚</strong></span> <span class='ocrx_word' id='word_1_188' title='bbox 464 3123 625 3197; x_wconf 90' lang='lat' dir='ltr'><strong>immunis</strong></span> <span class='ocrx_word' id='word_1_189' title='bbox 647 3123 693 3187; x_wconf 90' lang='lat' dir='ltr'><strong>sit</strong></span> <span class='ocrx_word' id='word_1_190' title='bbox 718 3123 856 3188; x_wconf 91' lang='lat' dir='ltr'><strong>omnino</strong></span> <span class='ocrx_word' id='word_1_191' title='bbox 886 3142 927 3187; x_wconf 90' lang='lat' dir='ltr'><strong>ac</strong></span> <span class='ocrx_word' id='word_1_192' title='bbox 954 3124 1091 3206; x_wconf 88' lang='lat' dir='ltr'><strong>plenam</strong></span> <span class='ocrx_word' id='word_1_193' title='bbox 1110 3123 1304 3190; x_wconf 86' lang='lat' dir='ltr'><strong>libertatem</strong></span> 
     </span>
     <span class='ocr_line' id='line_1_29' title="bbox 253 3222 1305 3306; baseline 0.002 -18"><span class='ocrx_word' id='word_1_194' title='bbox 253 3231 494 3306; x_wconf 89' lang='lat' dir='ltr'><strong>consequatur.</strong></span> <span class='ocrx_word' id='word_1_195' title='bbox 545 3223 684 3288; x_wconf 90' lang='lat' dir='ltr'><strong>Placuit</strong></span> <span class='ocrx_word' id='word_1_196' title='bbox 700 3223 803 3287; x_wconf 88' lang='lat' dir='ltr'><strong>etiam</strong></span> <span class='ocrx_word' id='word_1_197' title='bbox 817 3222 902 3287; x_wconf 92' lang='lat' dir='ltr'><strong>mibi</strong></span> <span class='ocrx_word' id='word_1_198' title='bbox 918 3223 1007 3288; x_wconf 90' lang='lat' dir='ltr'><strong>hanc</strong></span> <span class='ocrx_word' id='word_1_199' title='bbox 1022 3224 1172 3306; x_wconf 89' lang='lat' dir='ltr'><strong>optionis</strong></span> <span class='ocrx_word' id='word_1_200' title='bbox 1187 3224 1305 3290; x_wconf 85' lang='lat' dir='ltr'><strong>electi·</strong></span> 
     </span>
     <span class='ocr_line' id='line_1_30' title="bbox 253 3323 1307 3408; baseline 0.002 -20"><span class='ocrx_word' id='word_1_201' title='bbox 253 3343 353 3388; x_wconf 90' lang='lat' dir='ltr'><strong>onem</strong></span> <span class='ocrx_word' id='word_1_202' title='bbox 372 3330 409 3388; x_wconf 88' lang='lat' dir='ltr'><strong>et</strong></span> <span class='ocrx_word' id='word_1_203' title='bbox 423 3323 593 3388; x_wconf 88' lang='lat' dir='ltr'><strong>libertatis</strong></span> <span class='ocrx_word' id='word_1_204' title='bbox 615 3324 742 3389; x_wconf 90' lang='lat' dir='ltr'><strong>donum</strong></span> <span class='ocrx_word' id='word_1_205' title='bbox 760 3323 957 3405; x_wconf 84' lang='lat' dir='ltr'><strong>gratissimo</strong></span> <span class='ocrx_word' id='word_1_206' title='bbox 974 3324 1088 3387; x_wconf 93' lang='lat' dir='ltr'><strong>animo</strong></span> <span class='ocrx_word' id='word_1_207' title='bbox 1113 3330 1149 3387; x_wconf 92' lang='lat' dir='ltr'><strong>et</strong></span> <span class='ocrx_word' id='word_1_208' title='bbox 1169 3323 1307 3408; x_wconf 81' lang='lat' dir='ltr'><strong>integra</strong></span> 
     </span>
     <span class='ocr_line' id='line_1_31' title="bbox 252 3422 1307 3506; baseline 0.003 -18"><span class='ocrx_word' id='word_1_209' title='bbox 252 3422 433 3488; x_wconf 91' lang='lat' dir='ltr'><strong>uoluntate</strong></span> <span class='ocrx_word' id='word_1_210' title='bbox 468 3443 608 3505; x_wconf 84' lang='lat' dir='ltr'><strong>augere,</strong></span> <span class='ocrx_word' id='word_1_211' title='bbox 634 3431 669 3488; x_wconf 91' lang='lat' dir='ltr'><strong>et</strong></span> <span class='ocrx_word' id='word_1_212' title='bbox 693 3422 876 3506; x_wconf 87' lang='lat' dir='ltr'><strong>priuilegio</strong></span> <span class='ocrx_word' id='word_1_213' title='bbox 902 3422 970 3488; x_wconf 90' lang='lat' dir='ltr'><strong>isto</strong></span> <span class='ocrx_word' id='word_1_214' title='bbox 1004 3424 1238 3503; x_wconf 87' lang='lat' dir='ltr'><strong>corroborare,</strong></span> <span class='ocrx_word' id='word_1_215' title='bbox 1270 3432 1307 3491; x_wconf 89' lang='lat' dir='ltr'><strong>et</strong></span> 
     </span>
     <span class='ocr_line' id='line_1_32' title="bbox 252 3520 1306 3606; baseline 0.003 -20"><span class='ocrx_word' id='word_1_216' title='bbox 252 3524 392 3606; x_wconf 90' lang='lat' dir='ltr'><strong>insuper</strong></span> <span class='ocrx_word' id='word_1_217' title='bbox 431 3523 522 3588; x_wconf 91' lang='lat' dir='ltr'><strong>dono</strong></span> <span class='ocrx_word' id='word_1_218' title='bbox 560 3543 637 3587; x_wconf 92' lang='lat' dir='ltr'><strong>meo</strong></span> <span class='ocrx_word' id='word_1_219' title='bbox 674 3520 921 3588; x_wconf 90' lang='lat' dir='ltr'><strong>inuiolabiliter</strong></span> <span class='ocrx_word' id='word_1_220' title='bbox 954 3523 1154 3588; x_wconf 86' lang='lat' dir='ltr'><strong>confirmare</strong></span> <span class='ocrx_word' id='word_1_221' title='bbox 1186 3544 1306 3590; x_wconf 90' lang='lat' dir='ltr'><strong>omnes</strong></span> 
     </span>
     <span class='ocr_line' id='line_1_33' title="bbox 252 3622 1306 3691; baseline 0.004 -5"><span class='ocrx_word' id='word_1_222' title='bbox 252 3622 455 3688; x_wconf 86' lang='lat' dir='ltr'><strong>donationes</strong></span> <span class='ocrx_word' id='word_1_223' title='bbox 502 3629 671 3687; x_wconf 91' lang='lat' dir='ltr'><strong>terrarum</strong></span> <span class='ocrx_word' id='word_1_224' title='bbox 701 3623 759 3687; x_wconf 91' lang='lat' dir='ltr'><strong>uel</strong></span> <span class='ocrx_word' id='word_1_225' title='bbox 789 3622 1032 3688; x_wconf 88' lang='lat' dir='ltr'><strong>aecclesiarum</strong></span> <span class='ocrx_word' id='word_1_226' title='bbox 1065 3631 1127 3689; x_wconf 93' lang='lat' dir='ltr'><strong>aut</strong></span> <span class='ocrx_word' id='word_1_227' title='bbox 1159 3624 1306 3691; x_wconf 87' lang='lat' dir='ltr'><strong>aliarum</strong></span> 
     </span>
     <span class='ocr_line' id='line_1_34' title="bbox 252 3723 1307 3806; baseline 0.004 -19"><span class='ocrx_word' id='word_1_228' title='bbox 252 3743 366 3787; x_wconf 89' lang='lat' dir='ltr'><strong>rerum</strong></span> <span class='ocrx_word' id='word_1_229' title='bbox 389 3741 478 3805; x_wconf 90' lang='lat' dir='ltr'><strong>quae</strong></span> <span class='ocrx_word' id='word_1_230' title='bbox 499 3723 548 3786; x_wconf 94' lang='lat' dir='ltr'><strong>ibi</strong></span> <span class='ocrx_word' id='word_1_231' title='bbox 566 3723 609 3786; x_wconf 94' lang='lat' dir='ltr'><strong>ab</strong></span> <span class='ocrx_word' id='word_1_232' title='bbox 636 3723 912 3788; x_wconf 88' lang='lat' dir='ltr'><strong>antecessoribus</strong></span> <span class='ocrx_word' id='word_1_233' title='bbox 936 3724 1022 3789; x_wconf 86' lang='lat' dir='ltr'><strong>meis</strong></span> <span class='ocrx_word' id='word_1_234' title='bbox 1042 3725 1180 3806; x_wconf 82' lang='lat' dir='ltr'><strong>regibus</strong></span> <span class='ocrx_word' id='word_1_235' title='bbox 1201 3745 1264 3790; x_wconf 89' lang='lat' dir='ltr'><strong>seu</strong></span> <span class='ocrx_word' id='word_1_236' title='bbox 1283 3746 1307 3791; x_wconf 91' lang='lat' dir='ltr'><strong>a</strong></span> 
     </span>
     <span class='ocr_line' id='line_1_35' title="bbox 253 3823 1307 3907; baseline 0.003 -20"><span class='ocrx_word' id='word_1_237' title='bbox 253 3823 512 3907; x_wconf 91' lang='lat' dir='ltr'><strong>quibuscunque</strong></span> <span class='ocrx_word' id='word_1_238' title='bbox 534 3829 615 3887; x_wconf 90' lang='lat' dir='ltr'><strong>ante</strong></span> <span class='ocrx_word' id='word_1_239' title='bbox 637 3842 692 3887; x_wconf 91' lang='lat' dir='ltr'><strong>me</strong></span> <span class='ocrx_word' id='word_1_240' title='bbox 717 3823 866 3886; x_wconf 90' lang='lat' dir='ltr'><strong>donatae</strong></span> <span class='ocrx_word' id='word_1_241' title='bbox 888 3831 980 3900; x_wconf 84' lang='lat' dir='ltr'><strong>sunt,</strong></span> <span class='ocrx_word' id='word_1_242' title='bbox 1008 3843 1142 3889; x_wconf 89' lang='lat' dir='ltr'><strong>necnon</strong></span> <span class='ocrx_word' id='word_1_243' title='bbox 1169 3830 1205 3889; x_wconf 89' lang='lat' dir='ltr'><strong>et</strong></span> <span class='ocrx_word' id='word_1_244' title='bbox 1227 3826 1307 3890; x_wconf 87' lang='lat' dir='ltr'><strong>illas</strong></span> 
     </span>
     <span class='ocr_line' id='line_1_36' title="bbox 226 3921 1307 4007; baseline 0.004 -21"><span class='ocrx_word' id='word_1_245' title='bbox 226 3930 230 3938; x_wconf 90' lang='lat'>&#39;</span> <span class='ocrx_word' id='word_1_246' title='bbox 252 3941 339 4006; x_wconf 90' lang='lat' dir='ltr'><strong>quas</strong></span> <span class='ocrx_word' id='word_1_247' title='bbox 363 3921 421 3986; x_wconf 90' lang='lat' dir='ltr'><strong>uel</strong></span> <span class='ocrx_word' id='word_1_248' title='bbox 442 3942 507 4004; x_wconf 87' lang='lat' dir='ltr'><strong>ego</strong></span> <span class='ocrx_word' id='word_1_249' title='bbox 525 3922 581 3986; x_wconf 90' lang='lat' dir='ltr'><strong>uel</strong></span> <span class='ocrx_word' id='word_1_250' title='bbox 603 3922 788 4005; x_wconf 88' lang='lat' dir='ltr'><strong>optimates</strong></span> <span class='ocrx_word' id='word_1_251' title='bbox 809 3923 877 3986; x_wconf 92' lang='lat' dir='ltr'><strong>mei</strong></span> <span class='ocrx_word' id='word_1_252' title='bbox 898 3923 955 3987; x_wconf 88' lang='lat' dir='ltr'><strong>uel</strong></span> <span class='ocrx_word' id='word_1_253' title='bbox 978 3924 1083 3989; x_wconf 89' lang='lat' dir='ltr'><strong>etiam</strong></span> <span class='ocrx_word' id='word_1_254' title='bbox 1103 3923 1247 4007; x_wconf 89' lang='lat' dir='ltr'><strong>quilibet</strong></span> <span class='ocrx_word' id='word_1_255' title='bbox 1263 3926 1307 3990; x_wconf 92' lang='lat' dir='ltr'><strong>de</strong></span> 
     </span>
     <span class='ocr_line' id='line_1_37' title="bbox 253 4021 1307 4107; baseline 0.004 -21"><span class='ocrx_word' id='word_1_256' title='bbox 253 4023 385 4087; x_wconf 90' lang='lat' dir='ltr'><strong>ciuibus</strong></span> <span class='ocrx_word' id='word_1_257' title='bbox 401 4023 492 4086; x_wconf 90' lang='lat' dir='ltr'><strong>intra</strong></span> <span class='ocrx_word' id='word_1_258' title='bbox 511 4021 726 4087; x_wconf 89' lang='lat' dir='ltr'><strong>Londoniam</strong></span> <span class='ocrx_word' id='word_1_259' title='bbox 743 4022 970 4100; x_wconf 87' lang='lat' dir='ltr'><strong>donauerant,</strong></span> <span class='ocrx_word' id='word_1_260' title='bbox 987 4031 1060 4088; x_wconf 88' lang='lat' dir='ltr'><strong>tarn</strong></span> <span class='ocrx_word' id='word_1_261' title='bbox 1075 4031 1184 4089; x_wconf 88' lang='lat' dir='ltr'><strong>terras</strong></span> <span class='ocrx_word' id='word_1_262' title='bbox 1202 4045 1307 4107; x_wconf 91' lang='lat' dir='ltr'><strong>quam</strong></span> 
     </span>
     <span class='ocr_line' id='line_1_38' title="bbox 253 4122 1307 4207; baseline 0.005 -21"><span class='ocrx_word' id='word_1_263' title='bbox 253 4122 528 4199; x_wconf 89' lang='lat' dir='ltr'><strong>consuetudines,</strong></span> <span class='ocrx_word' id='word_1_264' title='bbox 552 4130 587 4187; x_wconf 92' lang='lat' dir='ltr'><strong>et</strong></span> <span class='ocrx_word' id='word_1_265' title='bbox 613 4123 728 4187; x_wconf 89' lang='lat' dir='ltr'><strong>omnia</strong></span> <span class='ocrx_word' id='word_1_266' title='bbox 757 4123 834 4192; x_wconf 85' lang='lat' dir='ltr'><strong>iura</strong></span> <span class='ocrx_word' id='word_1_267' title='bbox 867 4123 1159 4207; x_wconf 88' lang='lat' dir='ltr'><strong>qualiumcunque</strong></span> <span class='ocrx_word' id='word_1_268' title='bbox 1184 4144 1307 4191; x_wconf 86' lang='lat' dir='ltr'><strong>causa-</strong></span> 
     </span>
    </p>
   </div>
   <div class='ocr_carea' id='block_1_4' title="bbox 0 0 1459 4890">
    <p class='ocr_par' dir='ltr' id='par_1_4' title="bbox 0 0 1459 4890">
     <span class='ocr_line' id='line_1_39' title="bbox 0 0 1459 4890; baseline 0 0"><span class='ocrx_word' id='word_1_269' title='bbox 0 0 1459 4890; x_wconf 95' lang='lat' dir='ltr'><strong> </strong></span> 
     </span>
    </p>
   </div>
  </div>
 </body>
</html>
