2902 4890
195 328 239 392 68
459 345 632 394 onnurns
656 342 997 392 nuenosnxourcnn.

198 499 317 582 gitiuis
330 507 366 564 ct
379 499 453 564 sine
469 500 574 564 dubio
590 499 797 563 transitoriis
811 495 1111 581 possessiunculis,
1125 496 1253 578 iugiter

199 620 363 664 mansura
385 607 420 663 et
439 600 659 665 aeternaliter
675 619 784 682 regna
810 597 993 662 mercanda
1010 597 1064 659 dei
1085 595 1252 678 suffragio

199 701 421 782 adipiscenda
446 709 539 764 sunt.
592 698 674 778 Qua
698 700 740 763 de
760 719 796 762 re
816 719 882 780 ego
905 697 1114 763 Har'dacnut
1134 696 1253 760 diuina

199 800 283 863 mihi
308 799 480 864 arridente
505 801 619 881 gratia
643 820 705 864 rex
724 799 929 880 Anglorum,
953 805 989 861 et
1011 815 1120 879 aeque
1144 797 1251 860 totius

200 898 371 976 Albionis,
395 900 545 982 aliquam
565 901 653 963 ruris
676 907 822 981 partem,
845 918 950 961 unam
971 895 1132 960 uidelicet
1155 915 1252 960 man-

199 1020 287 1077 sam,
303 1000 363 1062 illo
381 1001 415 1062 in
433 999 511 1062 loco
529 1001 587 1082 qui
610 1020 631 1064 a
654 999 806 1064 solicolis
822 998 1043 1062 Seolescumb
1058 1003 1112 1061 est
1128 996 1254 1073 dictus,

200 1101 235 1162 in
252 1106 452 1182 perpetuam
471 1099 716 1164 haereditatem
733 1099 889 1163 condono
906 1096 1086 1159 AElfuuino
1103 1095 1252 1160 Uuinto·

202 1200 330 1263 niensis
344 1200 496 1262 ciuitatis
513 1201 687 1282 episcopo,
704 1219 767 1280 pro
787 1199 861 1261 eius
883 1195 1023 1261 amabili
1042 1196 1253 1260 subiectione

202 1306 309 1382 atque
333 1299 539 1375 obedientia,
559 1307 597 1362 ut
620 1299 752 1363 telluris
779 1298 873 1361 illius
895 1296 1151 1380 partiunculam
1175 1315 1253 1359 cum

202 1399 361 1462 omnibus
374 1399 417 1461 ad
434 1417 471 1461 se
482 1400 548 1462 rite
564 1400 825 1480 pertinentibus,
842 1395 1064 1461 aeternaliter
1078 1395 1254 1477 possideat

202 1498 366 1582 quamdiu
379 1499 487 1561 uitam
500 1499 641 1572 habeat3
658 1506 783 1580 etpost
793 1497 988 1580 generalem
999 1496 1184 1560 transitum
1196 1497 1254 1578 qui

201 1599 333 1662 cunctis
358 1605 473 1662 certus
497 1606 646 1674 constat,
666 1599 869 1680 cuicumque
887 1597 1026 1661 haeredi
1044 1596 1196 1660 uoluerit
1218 1597 1253 1658 in

202 1706 404 1781 perpetuum
422 1699 648 1782 derelinquat.
702 1698 812 1762 Terra
836 1716 917 1761 uero
940 1697 1203 1780 praenominata
1218 1696 1255 1759 in

202 1799 361 1863 omnibus
373 1799 418 1861 sit
429 1799 538 1862 libera
549 1799 614 1861 sibi
625 1800 765 1880 suisque
774 1798 1042 1873 successoribus
1054 1803 1192 1879 praeter
1204 1815 1255 1859 ar-

203 1899 253 1961 cis
263 1899 424 1980 pontisue
434 1900 701 1975 constructione,
715 1898 1014 1983 expeditionisque
1026 1896 1254 1960 adiuuamine.

204 1998 241 2061 Si
267 1999 356 2080 quis,
382 1997 474 2080 quod
503 1999 606 2076 absit,
633 1999 803 2062 diabolico
834 1997 974 2061 inflatus
999 1997 1136 2078 spiritu,
1164 1996 1253 2059 hanc

204 2117 301 2162 meae
323 2097 581 2180 compositionis
608 2118 648 2162 ac
669 2098 938 2163 confirmationis
962 2096 1175 2160 breuiculam
1201 2096 1257 2159 de·

204 2217 296 2261 mere
314 2199 371 2261 uel
386 2198 571 2280 infringere
589 2200 822 2281 temptauerit,
840 2199 928 2261 sciat
943 2217 980 2260 se
997 2196 1123 2259 diuinis
1138 2215 1258 2260 carere

205 2300 414 2375 muneribus,
438 2307 474 2361 et
502 2299 623 2380 poenis
650 2300 825 2362 subiacere
852 2298 1040 2380 perpetuis,
1063 2295 1129 2359 nisi
1154 2296 1258 2359 citius

206 2398 441 2462 emendauerit
452 2398 516 2461 boc
523 2399 614 2481 quod
625 2407 746 2462 contra
755 2406 908 2463 nostrum
921 2398 1095 2460 decretum
1101 2395 1257 2479 deliquit.

206 2497 253 2560 Et
274 2499 481 2580 quicumque
506 2499 572 2562 hoc
595 2506 750 2562 nostrum
770 2498 925 2562 stabilire
942 2497 1092 2560 uoluerit
1117 2495 1258 2571 donum,

206 2616 307 2660 omne
334 2597 462 2660 habeat
489 2599 615 2662 bonum
641 2599 677 2660 in
705 2598 845 2662 saecula
871 2597 1097 2661 saeculorum.
1151 2594 1258 2658 Prae-

207 2696 300 2759 dicta
317 2695 484 2779 siquidem
508 2698 611 2760 tellus
632 2698 686 2761 his
703 2699 946 2763 circumcincta
968 2696 1127 2761 clarescit
1141 2694 1260 2758 limiti-

206 2797 280 2858 bus.
314 2795 375 2858 Dis
392 2797 480 2878 synd
494 2802 542 2860 ’oa
558 2789 794 2878 landgemffira
808 2789 846 2862 to
859 2786 954 2862 itare
967 2796 1046 2861 hide
1061 2803 1107 2859 aet
1124 2785 1261 2860 Seoles-

207 2896 339 2958 cumbe.
391 2897 512 2961 AErest
533 2897 573 2960 of
590 2889 845 2962 Seolesburnan
869 2897 1021 2978 andlang
1041 2902 1115 2962 ’6aes
1137 2896 1259 2973 beces3

207 2994 247 3057 of
266 2982 348 3058 barn
376 2995 459 3058 becc
485 2987 554 3061 silo
580 2998 732 3078 andlang
754 3003 827 3062 bees
856 3016 970 3078 weges
995 3016 1040 3059 on
1068 2994 1260 3059 Ledfwines

208 3094 317 3173 dene3
344 3094 385 3157 of
406 3086 600 3161 Leofwines
616 3098 702 3160 dene
725 3086 802 3161 east
822 3097 973 3178 andlang
988 3102 1062 3161 itaes
1081 3115 1194 3176 weges
1215 3114 1261 3158 on

208 3182 341 3258 bradan
357 3182 434 3274 lea;
458 3196 497 3260 of
505 3185 587 3261 liam
604 3186 660 3260 lea'r
672 3190 741 3262 sirit
758 3198 910 3279 andlang
920 3215 1035 3277 weges
1050 3216 1095 3260 on
1110 3195 1262 3260 (litware

208 3314 365 3368 mearcc;
394 3295 434 3359 of
457 3295 608 3361 Citware
634 3317 769 3361 mearce
787 3305 873 3361 west
900 3298 1005 3360 innan
1026 3285 1261 3359 Seolescumb.

209 3393 312 3458 Anno
344 3395 535 3460 dominicae
566 3398 813 3461 incarnationis
848 3397 1027 3460 millesimo
1051 3395 1262 3478 quadrages·

210 3496 296 3558 simo
324 3494 488 3572 secundo,
509 3495 694 3559 indictione
721 3498 868 3574 decima,
892 3496 1018 3579 uiginti
1043 3515 1106 3558 sex
1130 3495 1262 3576 epactis

210 3594 481 3669 occurrentibus
508 3601 543 3657 et
572 3605 721 3676 quatuor
747 3595 1029 3660 concurrentibus
1055 3594 1264 3676 adplauden-

211 3693 315 3766 tibus,
332 3692 515 3773 propalata
537 3701 590 3756 est
612 3693 698 3756 haec
724 3696 865 3760 libertas
889 3696 931 3759 ad
956 3695 1115 3758 notitiam
1139 3694 1265 3775 princi-

211 3811 292 3873 pum
305 3791 357 3854 bis
372 3791 494 3868 literis,
509 3812 722 3876 quorumque
738 3795 930 3878 principum
945 3803 1108 3859 onomata
1120 3792 1264 3857 inferius

211 3890 261 3952 ita
278 3897 360 3954 sunt
374 3891 569 3971 designata.

267 3992 306 4069 ›1‹
326 3990 402 4071 Ego
420 3990 629 4055 Har’dacnut
647 4012 706 4056 rex
727 3995 833 4058 totius
848 3994 1052 4059 Britanniae
1070 3991 1262 4073 praefatam

213 4103 324 4150 meam
354 4088 574 4154 donationem
599 4110 676 4154 cum
700 4093 814 4175 sigillo
845 4105 986 4160 sanctae
1017 4092 1129 4157 crucis
1155 4092 1265 4175 reguli
