2902 4890
271 365 316 429 22
535 378 708 426 enanrnn
731 375 1074 426 anonosaxourcan.

275 537 358 621 quid
375 537 479 601 etiam
496 556 541 600 ex
552 536 617 601 hac
639 544 739 620 parte
756 536 951 600 medietatis
966 534 1072 600 maris
1095 535 1276 598 inuentum
1296 540 1337 597 et

275 639 428 702 delatum
447 636 491 700 ad
508 637 685 704 Sanduuie
704 637 820 714 luent,
832 637 907 701 siue
922 636 969 700 sit
984 636 1240 710 uestimentum,
1252 633 1335 697 sine

276 745 361 813 rete,
387 756 496 815 arma,
525 737 663 814 ferrum,
687 755 822 814 aurum,
851 743 1045 818 argentum,
1069 735 1236 799 medietas
1259 752 1336 796 mo-

277 836 465 900 nachorum
504 837 581 913 erit,
623 836 693 901 alia
731 856 813 919 pars
851 837 1043 899 remanebit
1079 832 1335 899 inuentoribus.

280 935 384 1015 Quod
402 936 432 999 sl
455 936 557 1001 aliter
570 935 731 1019 deinceps
755 935 900 1020 quilibet
915 934 1138 1000 codicellnlus
1153 932 1336 998 emerserit

279 1038 340 1120 qui
353 1037 487 1119 priscae
504 1037 721 1119 tempestatis
735 1037 816 1100 stilo
827 1035 983 1118 digestus
1000 1034 1081 1099 huic
1096 1041 1236 1098 nostrae
1248 1048 1336 1097 con-

279 1136 466 1202 firmationi
480 1137 577 1200 uisus
588 1137 693 1201 fuerit
705 1136 925 1219 aliquatenus
938 1135 1120 1217 refragari,
1128 1134 1223 1198 illius
1235 1131 1334 1196 modi

279 1236 496 1301 litteraturae
505 1236 742 1301 membranula
756 1235 907 1299 suricum
921 1236 1090 1299 morsibus
1100 1232 1335 1310 corrodenda,

281 1345 343 1402 aut
357 1344 450 1401 certe
461 1337 579 1421 potius
593 1335 760 1419 igniuomi
778 1337 918 1418 uaporis
928 1335 1087 1399 incendio
1098 1332 1334 1398 comburenda

282 1436 523 1514 adnichilatur,
544 1438 687 1518 eiusque
708 1443 948 1519 praesentator
969 1436 1214 1516 cuiuscumque
1239 1434 1334 1498 exti-

281 1538 363 1600 terit
381 1554 561 1619 personae,
577 1556 641 1619 pro
663 1543 890 1620 purgamento
912 1534 1054 1599 fauillae
1074 1535 1271 1617 deputetur,
1297 1539 1339 1598 et

281 1637 609 1717 ignominiosissima
630 1635 830 1700 confusione
853 1637 1097 1711 subsannetur,
1122 1639 1157 1698 et
1182 1633 1228 1696 ab
1256 1648 1334 1697 ont·-¹

283 1736 384 1799 nibus
406 1736 442 1798 in
464 1737 610 1801 circuitu
632 1736 872 1818 praesentibus
898 1735 959 1798 nni
982 1736 1098 1798 animo
1127 1733 1332 1797 detestetur.

285 1836 470 1918 Huiusque
493 1836 666 1919 priuilegii
700 1843 777 1899 rata
812 1835 1027 1900 confirmatio
1054 1846 1190 1916 semper
1212 1832 1335 1915 inpos·

284 1944 395 2000 terum
411 1935 624 2018 praeualeat‚
641 1943 676 1999 et
691 1943 761 1999 tam
784 1935 839 1999 dei
861 1933 1106 2021 omnipotentis
1125 1932 1336 1998 auctoritate

285 2048 388 2119 quam
417 2054 495 2099 mea
521 2035 622 2099 simul
648 2042 683 2099 et
709 2035 860 2098 omniurn
886 2033 1101 2098 concorditer
1125 2033 1334 2116 optimatum

284 2136 562 2200 corroboratione
600 2136 802 2199 confirmata
834 2141 957 2198 eontra
985 2135 1150 2198 uniuersa
1179 2131 1336 2214 refraga-

286 2244 398 2301 torum
430 2236 663 2317 cogitamenta
694 2237 828 2299 cnnctis
850 2233 1112 2299 suceedentibus
1141 2232 1219 2296 aeui
1244 2239 1336 2296 tam·

284 2337 425 2419 poribus
447 2335 581 2400 stabilis
599 2343 634 2400 et
648 2336 865 2411 inconcussa,
880 2334 1089 2399 columnaris
1105 2340 1220 2398 status
1241 2332 1340 2396 simi-

283 2433 1123 2518 litudine,perseuerantissimoiureconsolidetur.
1153 2432 1190 2496 Si
1204 2439 1339 2510 autern,

283 2536 376 2618 quod
399 2554 470 2598 non
490 2542 663 2618 optamus,
686 2534 812 2617 aliquis
834 2535 966 2598 tumido
989 2533 1173 2617 supercilio
1192 2531 1338 2597 indatus

285 2635 373 2698 hanc
390 2639 544 2698 nostram
566 2634 878 2699 corroborationem
895 2635 1081 2716 infringere
1106 2633 1164 2697 uel
1181 2633 1340 2698 minuere

283 2734 517 2816 temptauerit,
545 2735 681 2798 nouerit
712 2753 751 2797 se
772 2735 1101 2798 anathematizatum
1128 2752 1203 2797 esse
1225 2751 1247 2795 a
1269 2732 1340 2798 deo

285 2843 321 2897 et
342 2834 471 2897 sanctis
497 2835 583 2911 eius,
611 2835 647 2898 ni
677 2841 758 2898 ante
788 2842 932 2898 mortem
963 2834 1071 2915 digna
1100 2832 1341 2898 satisfactione

286 2933 520 2998 emendanerit
544 2935 636 3016 qnod
662 2935 790 2998 iniuste
807 2935 960 3017 deliquit
1012 2934 1149 3015 Scripta
1172 2941 1227 2998 est
1250 2934 1341 2999 haee

286 3032 427 3097 scedula
463 3052 553 3096 anno
583 3036 627 3098 ab
659 3034 896 3098 incarnatione
926 3034 1056 3097 domini
1087 3035 1197 3097 nostri
1229 3034 1340 3100 Ihesu

289 3131 418 3197 Christi
437 3132 618 3197 millesimo
638 3137 772 3200 ,xx111⁰.
798 3134 851 3196 his
878 3134 1026 3198 testibus
1046 3134 1342 3201 concordantibus

288 3253 434 3316 quornm
451 3240 613 3298 onomata
628 3234 771 3298 inferius
784 3235 898 3298 lucide
913 3233 1140 3299 karaxantur.

292 3396 294 3401 .
343 3333 383 3414 ›1‹
399 3333 476 3415 Ego
492 3333 585 3399 Cnut
610 3354 674 3398 rex
691 3334 884 3416 Anglorum
911 3333 1001 3398 hanc
1025 3335 1243 3398 litteraturae
1256 3352 1341 3400 con-

291 3434 517 3499 firmationem
534 3434 817 3499 indeclinabiliter
834 3434 1009 3499 confirmo.
1065 3436 1104 3514 ›1‹
1128 3435 1204 3517 Ego
1220 3433 1343 3500 AEeela

290 3533 397 3598 nodus
419 3534 674 3598 Dorobernicns
696 3534 932 3616 archipraesul
952 3534 1042 3598 hanc
1057 3536 1341 3617 praerogatiuam

290 3633 421 3698 uexillo
446 3640 568 3697 saneto
589 3634 802 3698 confirmaui.
859 3638 898 3716 ›1‹
919 3635 996 3716 Ego
1015 3635 1180 3699 AElt'ricns
1204 3636 1340 3701 Ebora·

289 3733 401 3799 censis
416 3732 603 3797 aecclesiae
618 3734 896 3817 archiepiscopus
913 3735 1063 3798 eiusdem
1081 3737 1172 3817 regis
1187 3737 1341 3802 benene-

290 3835 432 3897 lentiam
449 3853 526 3897 cum
542 3840 685 3898 sanctae
707 3836 818 3898 crucis
834 3837 934 3918 signo
949 3837 1141 3899 corroboro.
1199 3837 1239 3918 ›1‹
1261 3837 1342 3919 Ego

294 3933 480 3997 AElfwinus
509 3933 759 3998 Lundoniensis
783 3936 970 3999 aecclesiae
992 3935 1149 4018 pontifex
1168 3941 1341 4005 consensi.

297 4034 336 4112 ›1‹
368 4033 444 4112 Ego
491 4033 661 4097 AElfsinns
692 4035 900 4100 Wentoniae
939 4037 1121 4118 episcopus
1159 4057 1342 4104 assensum

291 4133 443 4216 praebui.
500 4137 539 4215 ›1‹
565 4135 641 4217 Ego
669 4135 914 4219 Byrhtwoldns
941 4134 1175 4201 Coruiniensis
1209 4140 1343 4205 accele-
