2902 4890
451 412 625 463 onrnrnn
647 414 991 467 ancnosnxomcrn.
1189 401 1254 467 179
1349 467 1356 479 ,

202 567 334 647 debitis,
360 571 603 651 oblationibus,
636 574 872 651 luminaribus,
905 575 1057 654 decimis,
1087 575 1251 655 donariis,

198 689 313 749 censu,
337 672 529 750 morthidis,
557 675 703 756 legibus,
721 676 1039 753 consuetudinibus,
1067 695 1250 741 causarum

197 770 480 852 discussionibus,
523 775 820 840 emendationibus
858 777 942 840 siue
987 777 1250 841 aecclesiasticis

196 869 271 935 siue
293 874 540 952 saecularibus,
558 882 593 939 et
620 876 781 940 omnibus
803 895 1030 960 quaecunque
1051 877 1190 959 scriptis
1215 886 1251 942 et

196 972 395 1038 testimonio
422 976 589 1040 bonorum
615 975 790 1041 hominnm
815 977 1035 1041 rememorari
1051 985 1250 1060 potuerunt,

197 1090 288 1154 quae
301 1092 324 1139 a
337 1075 475 1156 regibus
489 1095 652 1140 concessa
668 1076 726 1140 uel
741 1077 960 1141 concedenda
974 1084 1068 1155 sunt,
1081 1086 1121 1143 ut
1135 1078 1250 1142 nullus

196 1190 243 1236 ex
267 1172 320 1236 his
344 1175 546 1240 subtrahere
569 1177 625 1240 uel
649 1176 838 1240 diminuere
859 1186 921 1242 aut
943 1177 1137 1260 disperdere
1164 1198 1251 1260 qua·

197 1271 283 1337 libet
294 1276 486 1353 occasione,
499 1277 626 1342 iudicio
639 1277 694 1340 uel
709 1283 882 1359 potestate
896 1285 1103 1361 praesumat.
1152 1279 1250 1342 Don-

195 1372 256 1436 aui
278 1373 380 1441 etiam
402 1376 564 1458 religioso
584 1377 701 1441 abbati
718 1377 897 1452 Eadwino,
914 1378 974 1461 qui
995 1384 1077 1442 tunc
1098 1377 1150 1441 illi
1172 1379 1249 1443 loco

195 1482 386 1555 prae-erat,
401 1483 436 1540 et
458 1478 616 1541 omnibus
632 1476 758 1542 futuris
773 1485 852 1560 post
871 1496 950 1542 eum
966 1477 1091 1542 ibidem
1114 1478 1249 1543 abbati·

196 1575 263 1637 bus
289 1574 326 1637 in
353 1583 428 1642 tota
455 1578 673 1659 possessione
697 1578 897 1642 monasterii
917 1597 1033 1643 sacam
1058 1585 1094 1643 et
1120 1598 1250 1657 socam,

195 1672 462 1760 thelonenmque
478 1696 578 1741 suum
595 1678 631 1741 in
656 1685 749 1742 terra
770 1685 805 1742 et
827 1678 863 1741 in
885 1697 987 1761 aqua,
1011 1685 1046 1742 et
1068 1686 1212 1743 consuet
1237 1715 1250 1729 -

195 1773 312 1839 dinem
340 1796 429 1859 quae
471 1776 598 1842 dicitur
628 1784 770 1855 teames,
809 1778 970 1852 latrones
1011 1778 1250 1862 latronumque

195 1875 377 1956 captiones
401 1876 458 1941 uel
481 1878 691 1956 emissiones,
715 1886 753 1942 et
773 1879 869 1961 pacis
891 1878 1088 1958 fracturam,
1110 1886 1147 1944 et
1165 1900 1250 1963 pug-

195 1994 278 2038 nam
300 1976 337 2043 iu
360 1976 463 2042 domo
484 1977 625 2056 factam,
642 1987 677 2042 et
698 1978 820 2044 domus
840 1979 1064 2056 inuasionem‚
1082 1986 1117 2043 et
1133 1999 1251 2044 omnes

193 2075 348 2139 assultus
378 2077 415 2140 in
447 2097 512 2141 suo
541 2079 626 2154 iure,
658 2078 694 2142 in
726 2079 785 2143 uia
815 2085 849 2143 et
881 2085 993 2156 extra,
1025 2078 1062 2141 in
1095 2079 1183 2143 sesto
1212 2089 1248 2144 et

197 2182 312 2253 extra,
334 2176 370 2241 in
401 2178 483 2242 urbe
507 2186 542 2242 et
564 2185 676 2254 extra,
694 2186 729 2243 et
751 2198 869 2243 omnes
891 2179 986 2261 leges
1009 2185 1045 2243 et
1065 2187 1250 2244 consuetu-

196 2274 303 2339 dines·
322 2283 392 2341 tam
419 2277 519 2360 plene
545 2285 581 2342 et
606 2286 677 2343 tam
700 2279 806 2343 libere
830 2279 921 2343 sicut
943 2298 1002 2343 eas
1024 2278 1191 2343 habebam
1215 2280 1249 2343 in

197 2394 306 2439 manu
327 2396 413 2441 mea.
467 2378 513 2442 Et
539 2385 577 2442 ut
608 2379 723 2443 omnia
747 2380 962 2457 concludam,
990 2379 1106 2443 nullus
1133 2399 1250 2444 succe·

198 2475 355 2545 dentium
393 2497 512 2560 regum
552 2498 615 2561 per
655 2479 725 2542 uim
768 2486 829 2543 aut
870 2499 932 2562 per
969 2479 1251 2544 consuetudinem

197 2583 337 2659 pastum
361 2578 405 2641 ab
438 2597 555 2642 eorum
587 2578 859 2661 possessionibus
891 2580 1022 2661 exigat,
1048 2580 1108 2642 sed
1140 2581 1250 2644 omni·

197 2675 336 2741 modam
357 2676 551 2743 libertatem
574 2678 821 2762 perpetualiter
839 2678 1000 2745 babeant.
1053 2680 1141 2744 Post
1162 2681 1252 2744 hanc

197 2776 418 2842 donatiouem
458 2779 844 2844 excommunicauerunt
875 2799 992 2843 omnes
1028 2780 1180 2863 episcopi
1217 2791 1253 2846 et

198 2876 343 2942 abbates
359 2878 471 2942 tocius
485 2877 632 2960 Angliae
646 2887 680 2943 et
696 2879 854 2944 monachi
872 2899 913 2943 ac
926 2880 1052 2957 clerici,
1064 2881 1251 2944 secundnm

197 2976 382 3060 apostolici
401 2976 527 3042 Leonis
542 2986 777 3061 praeceptum,
792 2998 851 3044 eos
869 2979 929 3062 qui
944 2980 1009 3044 hoc
1025 2981 1251 3045 constitutum

198 3076 423 3158 infringerent
459 3079 514 3143 uel
553 3079 693 3161 infringi
727 3081 974 3162 permitterent,
1015 3087 1181 3162 quantum
1216 3082 1252 3144 in

197 3176 282 3260 ipsis
303 3185 407 3243 esset.
458 3178 496 3243 Si
523 3179 601 3260 quis
625 3198 708 3243 uero
734 3180 823 3243 hanc
850 3186 1004 3243 nostram
1032 3178 1252 3244 donationem

198 3296 326 3359 augere
349 3283 385 3342 et
411 3279 620 3362 amplificare
638 3279 799 3356 uoluerit,
817 3286 943 3360 augeat
968 3278 1052 3341 deus
1079 3279 1151 3342 dies
1176 3279 1251 3342 eius

197 3397 381 3461 prosperos
399 3377 503 3443 hicet
519 3380 556 3442 in
569 3379 705 3455 futuro;
726 3381 756 3443 si
773 3389 889 3443 antem
904 3379 1056 3444 euenerit
1074 3384 1112 3441 ut
1127 3378 1252 3461 aliquis

198 3485 261 3543 aut
280 3496 400 3560 regum
422 3479 677 3543 succedentium
697 3480 753 3544 uel
780 3479 927 3544 alicuius
948 3498 1116 3562 personae
1137 3479 1251 3555 homo,

197 3576 290 3661 quod
315 3597 383 3642 non
408 3586 581 3663 optamus,
605 3579 776 3644 diabolica
798 3580 992 3644 temeritate
1016 3579 1120 3643 suerit
1140 3580 1252 3643 elatus

197 3677 255 3742 uel
286 3677 462 3763 seductus,
494 3686 665 3763 quatenus
700 3678 764 3743 hoc
797 3686 951 3744 nostrum
991 3686 1161 3744 statutum
1199 3680 1253 3742 in-

197 3777 348 3859 fringere
369 3779 425 3843 uel
447 3780 599 3844 minuere
627 3787 688 3844 aut
714 3780 751 3843 in
775 3780 869 3845 aliud
892 3787 1027 3845 mutare
1048 3779 1145 3856 uelit,
1165 3779 1253 3842 sciat

198 3896 237 3942 se
254 3885 422 3961 perpetuo
445 3880 663 3945 anathemate
690 3880 903 3959 damnatum,
920 3881 986 3945 nisi
1009 3888 1124 3944 tamon
1147 3878 1253 3960 digna

198 3977 436 4045 satisfactione
473 3981 728 4055 emendauerit;
769 3982 823 4044 sin
860 3989 975 4045 autem
1017 3978 1253 4043 emendatione

200 4077 306 4143 fuerit
331 4079 494 4161 indignus
517 4081 592 4163 ipse
622 4080 759 4162 quidem
786 4101 862 4144 cum
890 4079 979 4144 Iuda
1002 4078 1170 4142 traditore
1196 4100 1255 4162 gea

198 4176 331 4245 bennae
357 4179 495 4260 ignibus
519 4181 738 4251 cremabitur.
789 4180 857 4243 Sed
879 4179 964 4244 haec
990 4187 1089 4243 carta
1110 4179 1253 4244 nichilo·

1105 4288 1120 4323 n·
1133 4280 1149 4324 2
