2902 4890
240 352 305 416 168
497 367 670 414 cunnrnu
692 363 1034 412 Anonosnxonrcnu.

630 618 917 685 DCCCXVIII.

510 764 799 847 *GODGYFQ
821 769 1049 834 1060-1066.

305 919 344 998 »14
360 917 586 982 clrmssmo
603 937 644 982 ac
660 920 938 984 reuerentissimo
953 918 1087 983 Uictori
1109 917 1301 1000 apostolico

251 1025 370 1082 nostro
386 1017 525 1082 Godina
541 1037 631 1082 uxor
649 1017 786 1082 Leurici
803 1017 944 1100 Anglici
967 1019 1118 1083 consulis
1137 1015 1300 1100 quicquid

251 1118 287 1179 in
302 1117 441 1181 Christo
459 1119 573 1181 carius
596 1120 711 1182 extat!
764 1118 852 1181 Cum
875 1119 967 1182 omni
988 1117 1196 1182 christianae
1222 1117 1302 1180 reli·

253 1217 348 1297 gioni
370 1216 574 1280 uniuersalis
600 1217 790 1281 catholicus
812 1218 961 1300 populus
990 1225 1024 1282 te
1047 1217 1239 1300 praelatum
1268 1224 1303 1279 et

253 1318 347 1379 omni
371 1319 556 1380 sanctitate
583 1318 769 1398 gloriosum
798 1319 933 1395 asserit,
955 1319 1055 1382 decet
1083 1323 1118 1381 te
1145 1317 1304 1399 precibus

253 1416 399 1480 ancillae
413 1425 493 1480 tuac
520 1416 706 1499 placabiles
722 1436 822 1481 aures
837 1437 1023 1500 parumper
1035 1417 1304 1482 accommodare.

255 1515 384 1579 Precor
400 1536 483 1596 ergo
502 1523 536 1579 te
552 1523 671 1598 pastor
688 1537 831 1595 summe,
847 1519 1010 1600 quatinus
1023 1516 1114 1581 dona
1131 1536 1220 1598 quae
1238 1535 1305 1596 ego

254 1635 317 1697 pro
338 1615 571 1698 redemptione
595 1617 730 1680 animae
754 1619 869 1681 mariti
892 1618 971 1694 mei,
988 1636 1164 1698 meaeque,
1182 1617 1306 1679 beatae

255 1715 310 1778 dci
341 1714 500 1796 genitrici
534 1715 669 1778 Mariae
697 1717 840 1780 attribui
873 1716 970 1793 Stou,
1005 1718 1211 1780 auctoritate
1241 1724 1304 1778 tua

256 1814 448 1891 confirmeS,
470 1814 560 1878 sicut
583 1817 789 1879 nostratium
821 1817 1098 1898 compati-ictum,
1125 1815 1306 1898 episcopo-

256 1935 345 1990 rum,
369 1922 473 1996 atque
502 1915 678 1992 abbatum,
707 1935 840 1978 necnon
872 1923 908 1979 et
936 1916 1127 1992 consulum,
1158 1934 1305 1997 quornm

256 2014 395 2077 nomina
419 2015 614 2095 subscripta
637 2015 806 2079 habentur
831 2016 1054 2080 corroborata
1077 2021 1170 2078 sunt.
1216 2015 1306 2078 Pos-

256 2115 447 2177 sessionum
463 2115 602 2177 nomina
616 2113 701 2178 haec
714 2120 807 2192 sunt,
821 2114 1028 2192 Ncwarcha‚
1043 2115 1186 2189 scilicet,
1201 2122 1307 2196 atque

261 2214 470 2278 Flatburche
502 2234 580 2278 cum
617 2213 830 2296 appendiciis
865 2215 962 2291 suis;
1002 2221 1037 2277 et
1066 2212 1240 2291 Branbon,
1273 2223 1307 2278 et

258 2313 538 2377 Martine-Welle
554 2333 631 2377 cum
647 2315 871 2396 appendiciis
940 2313 1018 2377 Has
1033 2334 1116 2396 ergo
1131 2334 1193 2396 per
1209 2335 1307 2377 mon·

256 2413 302 2477 ile
332 2434 445 2477 meum
485 2419 520 2477 et
548 2415 743 2477 murenulas
776 2433 900 2478 aureas
929 2413 1173 2478 nermicnlatas
1204 2415 1308 2478 matri

257 2514 386 2577 domini
400 2513 490 2578 dedi.

314 2617 353 2696 »14
374 2613 450 2696 Ego
467 2613 681 2677 Eadwardus
704 2633 765 2677 rex
783 2611 978 2696 Anglorum
994 2613 1095 2678 huius
1111 2613 1310 2678 donationis

260 2713 454 2778 libertatem
476 2713 573 2794 regni
596 2713 703 2776 totius
729 2712 904 2794 fastigium
928 2721 1048 2778 tenens
1065 2714 1212 2778 libenter
1226 2734 1309 2778 con-

258 2814 358 2876 cessi.
416 2815 455 2894 »14
477 2812 554 2893 Ego
569 2811 761 2875 Ealdredus
790 2813 928 2894 praesul
962 2814 1091 2876 electus
1123 2814 1166 2877 ad
1198 2814 1310 2878 archi·

259 2911 488 2994 episcopalem
511 2912 624 2975 sedem
652 2910 925 2976 Dorobernensis
947 2913 1135 2976 aecclesiae
1156 2912 1236 2977 huic
1258 2934 1312 2976 re-

258 3012 331 3093 gali
348 3012 601 3075 munificentiae
617 3029 794 3074 assensum
816 3013 968 3094 praebui.
1042 3016 1081 3095 »14
1098 3013 1174 3094 Ego
1191 3012 1313 3077 Wlfwi

259 3112 451 3193 episcopus.
517 3114 556 3193 »14
580 3111 655 3192 Ego
674 3111 810 3175 Leosric
824 3112 908 3176 dux.
979 3115 1018 3194 »14
1039 3113 1115 3194 Ego
1133 3112 1313 3177 Haraldus

259 3230 383 3275 eomes.
456 3214 495 3295 »14
518 3211 595 3293 Ego
610 3211 711 3276 Tosti
733 3232 856 3276 comes.
926 3215 965 3294 »14
984 3212 1060 3293 Ego
1078 3213 1212 3277 Siward
1227 3215 1312 3278 dux.

262 3311 307 3374 Et
323 3310 383 3375 alii
400 3313 509 3374 multi.

310 3408 550 3492 Apostolicnm
575 3412 614 3491 »14
635 3412 783 3492 signum.

313 3508 393 3573 Hoc
409 3518 524 3573 autem
537 3511 662 3573 donum
679 3512 771 3574 omni
786 3512 965 3575 conamine
978 3530 1092 3576 annuo
1105 3520 1140 3577 et
1152 3514 1314 3579 Romana

262 3610 469 3674 auctoritate
488 3610 665 3686 confirmo,
683 3619 717 3674 et
731 3611 899 3676 cartulam
914 3613 1084 3692 signatam
1103 3632 1179 3677 meo
1196 3616 1314 3696 sigillo

263 3710 526 3775 retransmitto.
579 3708 615 3771 Si
634 3711 711 3792 quis
728 3731 812 3775 uero
827 3710 892 3775 hoc
907 3730 1012 3775 ausus
1029 3721 1183 3777 euertere
1198 3714 1314 3792 suerit,

262 3831 341 3875 curn
359 3809 475 3873 Pilato
503 3818 538 3872 et
562 3808 650 3873 Iuda
671 3809 884 3889 Scariothen,
903 3811 1048 3894 Caypba
1078 3834 1227 3896 quoque,
1255 3837 1314 3880 eo-

262 3930 406 3993 rumque
441 3910 788 3990 commanipularibus
829 3913 1050 3976 aeternaliter
1082 3911 1315 3980 Acherontica

261 4011 497 4075 combustione
510 4009 681 4087 trudatur,
694 4010 760 4072 nisi
776 4019 856 4074 ante
874 4013 994 4076 mortis
1012 4011 1195 4078 articulum
1213 4017 1316 4079 satis-

261 4110 410 4175 factione
426 4111 633 4194 poenituerit
651 4130 813 4192 congrua.
