2902 4890
195 355 260 421 let
448 367 618 416 cusanus
644 366 982 417 rnonosaxorncnn.

195 542 233 595 m
253 528 381 593 flumen
395 525 488 609 qnod
510 523 641 607 Cynete
657 525 841 602 uocitatur,
860 524 959 602 illud,
979 525 1152 601 uidelicet,
1169 545 1240 600 rus,

193 628 287 712 qnod
313 626 438 690 Badric
468 624 607 706 quidam
638 625 787 687 rusticus
818 624 981 688 habuisse
1009 626 1242 706 cognoscitur,

194 726 371 809 largiendo
408 723 554 787 libenter
579 723 771 788 concedens
804 723 1001 805 perdonabc
1028 724 1072 786 ad
1104 724 1241 787 aeccle-

194 828 281 891 siam
308 826 429 888 beatae
451 822 589 887 Mar-iae
619 822 795 904 genitricis
821 822 877 886 dei
901 842 942 887 ac
974 822 1103 886 domini
1131 825 1242 887 nostri

196 925 300 989 Ihesu
318 922 458 998 Christi,
478 922 515 984 in
535 922 613 986 loco
637 923 698 1002 qui
719 919 1064 998 diciturAhbandun,
1085 921 1132 984 ad
1157 941 1242 985 usus

194 1023 318 1088 ibidem
342 1021 487 1086 fratrum
508 1021 572 1085 deo
588 1021 810 1087 seruientium
832 1021 978 1085 libenter
1002 1021 1164 1098 concedo,
1185 1022 1244 1084 ob

192 1140 331 1188 merens
352 1126 388 1184 et
406 1120 621 1202 praecipiens
636 1121 672 1182 in
689 1120 826 1183 nomine
842 1119 972 1185 Christi
989 1127 1029 1183 ut
1044 1139 1144 1184 nemo
1163 1139 1243 1184 suc·

193 1239 366 1286 cessurum
396 1226 592 1283 nostrorum
621 1219 806 1301 superioris
835 1220 891 1283 uel
916 1219 1088 1282 inferioris
1113 1220 1244 1299 gradus

193 1320 258 1384 hoc
282 1326 420 1382 nostrae
444 1318 639 1382 deuotionis
660 1318 788 1382 donum
813 1319 931 1400 aliquo
956 1318 1159 1382 temeritatis
1182 1319 1244 1382 ali-

194 1425 364 1501 quatenus
389 1418 555 1481 instinctu
579 1418 783 1498 disrumpat.
843 1417 897 1481 Sit
923 1424 1039 1481 autem
1066 1417 1245 1500 praedicta

194 1518 309 1594 tellus,
333 1536 437 1597 quam
463 1535 529 1598 ego
555 1535 633 1580 cum
659 1535 829 1580 consensu
857 1517 1062 1598 optimatum
1090 1536 1245 1580 meorum

194 1616 351 1700 praefato
386 1616 532 1696 largitus
561 1634 639 1679 snm
667 1615 845 1692 coenobio,
874 1617 920 1680 ab
959 1617 1053 1678 omni
1086 1623 1245 1679 terrenae

194 1714 372 1780 seruitutis
396 1715 480 1795 iugo
498 1715 619 1792 libera,
642 1715 753 1778 tribus
776 1715 829 1778 his
856 1715 1024 1796 exceptis
1044 1722 1122 1778 rata
1149 1715 1245 1778 uide-

194 1815 275 1878 licet
302 1812 534 1894 expeditione,
565 1814 681 1895 pontis
712 1815 845 1877 arcisue
874 1814 1137 1878 restauratione.
1206 1813 1245 1877 Si
1326 1877 1328 1882 ,

195 1913 272 1995 quis
300 1919 416 1975 autem
445 1912 616 1976 laruarico
646 1912 830 1977 instinctus
862 1913 986 1994 spiritu
1018 1912 1084 1976 hoc
1114 1912 1245 1976 donum

196 2011 327 2074 uiolare
350 2011 575 2074 immutareue
597 2020 904 2093 praesumptuosus
927 2013 1161 2094 temptauerit,
1177 2013 1246 2075 nisi

195 2110 301 2192 digna
322 2110 560 2174 satisfactione
582 2116 664 2174 ante
689 2111 819 2174 obitum
844 2130 943 2174 suum
966 2130 1044 2173 reus
1063 2113 1245 2192 poenitue-

195 2210 252 2286 rit,
280 2209 429 2272 aeternis
457 2209 612 2273 barathri
640 2216 836 2292 prostratus
859 2210 1022 2273 incendiis
1050 2229 1127 2274 cum
1153 2210 1245 2275 Iuda

196 2307 327 2372 Christi
342 2307 517 2389 proditore
535 2309 754 2373 aeternaliter
771 2309 927 2390 lugubris
945 2309 1118 2390 puniatur.
1159 2309 1245 2374 Istis

195 2407 350 2471 terminis
378 2406 556 2489 praedicta
587 2415 680 2471 terra
706 2408 960 2493 circumgyrata
988 2427 1063 2472 esse
1095 2409 1244 2472 uidetur.

197 2507 316 2569 AErest
347 2524 392 2568 on
420 2505 578 2589 Cynetan
608 2515 655 2570 aet
681 2505 833 2571 Sceolles
865 2507 1066 2580 caldcotan;
1098 2513 1170 2571 oaet
1195 2499 1246 2590 sup

196 2606 348 2685 andlang
378 2595 524 2668 stremes
546 2604 587 2669 ob
615 2593 762 2687 Eadgise
779 2595 956 2686 gemam
985 2595 1060 2670 swa
1081 2612 1168 2670 noro
1191 2609 1245 2671 in-

197 2724 265 2768 nan
289 2703 480 2785 Hyddene3
513 2703 626 2768 banon
654 2710 742 2768 norb
770 2724 816 2768 on
840 2692 1082 2787 lamburninga
1104 2725 1245 2785 meerce3

196 2792 270 2867 swa
285 2793 341 2867 est
356 2802 506 2884 andlang
521 2824 655 2868 mearce
672 2810 717 2868 oti
735 2803 915 2884 AElfwiges
931 2795 1055 2879 marm
1080 2793 1155 2869 swa
1176 2799 1246 2870 sinti

196 2902 347 2982 andlang
367 2892 534 2982 gemat-es
556 2923 600 2966 on
623 2902 815 2986 Hyddene;
846 2892 921 2967 swa
942 2895 1010 2968 sire
1033 2904 1073 2966 be
1095 2894 1246 2986 gemffire

191 3007 267 3066 *oaet
288 2999 336 3064 eft
357 3001 462 3064 innan
481 3002 639 3085 Cynetan
666 2993 784 3066 stram.
837 3002 929 3067 Acta
954 3009 1008 3066 est
1033 3003 1117 3066 haec
1144 3024 1245 3085 prae·

196 3101 270 3165 fata
290 3099 430 3164 donatio
448 3118 539 3166 anno
558 3103 602 3166 ab
621 3102 856 3166 incarnatione
873 3102 1001 3167 domini
1016 3103 1125 3166 nostri
1140 3103 1246 3168 Ihesn

199 3217 284 3266 mn..

246 3302 285 3381 ᾧ
298 3299 374 3380 Ego
384 3299 598 3365 Eadwardus
609 3320 671 3363 rex
677 3299 871 3381 Anglorum
887 3301 1078 3383 praelatam
1091 3301 1247 3367 donatio-

198 3419 275 3463 nem
288 3400 352 3462 sub
370 3399 484 3479 sigillo
499 3410 641 3464 sanctae
658 3402 769 3463 crucis
785 3400 1072 3464 indeclinabiliter
1086 3404 1246 3467 consensi

197 3506 303 3579 atque
334 3499 505 3562 rohoraui.
585 3500 624 3579 ᾧ
658 3499 733 3579 Ego
763 3499 935 3563 Eadsinus
967 3501 1246 3566 Dorobornensis

197 3596 384 3661 aecclesiae
409 3597 686 3679 archiepiscopus
704 3599 855 3662 ciusdem
879 3600 971 3680 rogis
985 3599 1113 3663 donum
1130 3601 1247 3682 sigillo

197 3701 339 3760 sanctae
365 3697 476 3758 crucis
500 3697 698 3777 subscripsi.
754 3701 792 3780 >1⁴
816 3697 892 3779 Ego
922 3698 1111 3780 Stigandus
1134 3699 1248 3764 Uuin-

197 3795 363 3860 toniensis
381 3795 566 3859 aecclesiae
584 3796 765 3878 episcopus
788 3797 994 3860 testudinem
1010 3805 1152 3862 sanctae
1168 3818 1247 3864 cru-

198 3896 247 3958 cis
272 3893 484 3960 confirmaui.
550 3896 588 3975 >1⁴
617 3894 693 3976 Ego
718 3895 939 3960 Hermannus
967 3899 1150 3980 episcopus
1165 3901 1247 3962 sub-

198 3994 320 4076 scripsi
341 4001 376 4057 et
394 3993 558 4058 conclusi.
609 3996 649 4075 ›1‹
670 3994 748 4076 Ego
772 3995 854 4059 Ulfo
877 3997 1059 4078 episcopus
1075 4001 1246 4062 consensi.

204 4097 243 4176 ᾧ
265 4094 341 4175 Ego
360 4093 474 4158 Hoica
488 4095 669 4178 episcopus
685 4095 897 4176 consignaui.
955 4098 995 4177 ›1‹
1017 4095 1094 4177 Ego.
1110 4096 1247 4162 Dodica
