2902 4890
450 377 622 428 curares
644 378 987 429 ruonosrxourcrr..
1181 366 1250 431 109

199 533 312 615 regali
331 533 566 601 stabilimento
595 533 774 601 affimant.
844 539 884 620 »14
907 538 985 620 Ego
1000 538 1136 622 Eadgitt
1159 540 1246 606 eius

196 633 268 697 dem
307 635 400 717 regis
437 635 661 700 conlaterana
704 623 793 701 hanc
834 638 985 719 regalem
1023 640 1244 707 donationem

196 735 384 815 gaudenter
401 735 564 800 stabiliui.
621 738 659 817 »14
683 734 758 818 Ego
774 736 970 803 Siweardus
993 741 1246 826 archiepiscop·

195 854 233 897 us
266 835 511 918 triumphalem
541 836 642 919 agiae
671 836 782 902 crucis
810 837 1012 920 trophaeum
1044 841 1123 905 huic
1150 845 1245 925 regio

196 935 329 998 muneri
346 937 538 1017 gaudenter
554 937 721 1019 impressi.
796 938 835 1018 »14
853 938 928 1020 Ego
946 939 1112 1004 AElfricus
1135 944 1247 1007 archi·

194 1035 333 1117 praesul
346 1035 436 1100 hanc
453 1036 660 1102 territorium
673 1037 848 1101 scedulam
865 1040 963 1121 signo
979 1048 1120 1106 sanctae
1136 1044 1247 1108 crucis

192 1133 378 1216 diligenter
392 1136 577 1218 adsignare
593 1137 723 1201 curaui.
791 1140 830 1220 »14
857 1140 934 1220 Ego
952 1140 1246 1209 AElfwinusWin-

194 1235 361 1300 touiensis
378 1236 560 1320 episcopus
583 1237 808 1303 consolidaui.
873 1241 912 1321 »14
929 1240 1006 1321 Ego
1023 1240 1245 1309 Hermannus

194 1334 434 1400 wiltoniensis
469 1337 652 1421 episcopus
690 1338 900 1406 confirmaui.
972 1342 1011 1422 »14
1044 1341 1119 1423 Ego
1150 1343 1246 1408 God-

195 1435 306 1499 winus
329 1437 414 1501 dux.
481 1439 521 1520 »14
539 1438 615 1519 Ego
639 1438 775 1502 Leofric
802 1439 885 1503 dux.
958 1442 997 1522 »14
1016 1442 1091 1523 Ego
1109 1443 1246 1527 Ordgar

194 1536 361 1602 minister.
419 1540 458 1620 »14
480 1538 557 1621 Ego
576 1538 693 1620 Osgod
709 1539 876 1605 minister.

555 1839 884 1905 nccnxxxru

512 1962 814 2068 ninwunan,
833 1989 930 2055 roro.

250 2145 292 2226 »14
311 2140 517 2206 Rnounuru
539 2142 574 2205 in
599 2149 801 2225 perpetuum
829 2142 968 2205 domino
994 2149 1113 2205 nostro
1143 2143 1247 2208 Ihesu

198 2244 349 2320 Christo,
362 2243 421 2325 qui
437 2243 580 2325 imperio
594 2242 703 2324 patris
720 2248 846 2305 cuncta
860 2241 962 2304 simul
978 2241 1089 2305 sancti
1106 2241 1248 2325 spiritns

198 2345 312 2427 gratia
348 2342 547 2407 uiuificante
586 2341 759 2424 disponit!
817 2340 988 2420 Quamuis
1020 2343 1109 2405 enim
1145 2346 1250 2408 uerba

198 2444 416 2510 sacerdotum
445 2451 481 2506 et
509 2442 647 2506 decreta
677 2441 827 2506 iudicum
857 2441 892 2504 in
922 2443 1044 2505 robore
1075 2442 1248 2507 firmitatis

197 2545 326 2628 iugiter
351 2550 596 2627 perseuerent3
625 2549 777 2606 attamen
805 2562 868 2624 pro
896 2542 1027 2606 incerta
1055 2542 1247 2608 futurorum

198 2644 431 2710 mutabilitate
474 2662 642 2707 annorum
685 2642 978 2725 cyrographorum
1039 2649 1247 2709 testamento

198 2752 280 2810 sunt
301 2743 505 2808 roboranda.
555 2742 777 2825 Quapropter
799 2762 864 2823 ego
888 2741 1115 2807 Eaduuardus
1141 2747 1248 2809 totius

199 2845 419 2910 Brittanniae
435 2843 585 2907 basileus
606 2843 778 2925 quandam
796 2843 929 2905 telluris
950 2844 1155 2925 particulam
1181 2862 1248 2910 .111.

198 2946 371 3022 uidelicet,
393 2951 549 3009 cassatos
583 2943 659 3007 loco
690 2943 748 3024 qui
781 2942 907 3007 celebri
936 2943 1158 3008 AEttelstanes
1186 2952 1249 3009 tun

198 3050 419 3128 nuncupatur
447 3043 627 3119 uocabulo,
659 3042 794 3106 cuidam
824 3042 981 3107 ministro
1011 3045 1093 3107 mihi
1121 3047 1249 3127 oppido

198 3146 291 3210 fideli
307 3144 461 3209 uocitato
478 3145 615 3208 nomine
633 3143 829 3219 AEitelstan,
846 3162 924 3206 cum
940 3145 1099 3207 omnihus
1116 3147 1246 3209 utensi-

198 3247 299 3324 libus,
318 3246 439 3328 pratia,
456 3245 625 3321 uidelicet,
647 3243 797 3326 pascuis,
817 3243 927 3318 siluis,
945 3250 1085 3306 aeterna
1102 3243 1248 3325 largitus

106 3378 110 3384 ’
198 3348 274 3411 s'um
304 3344 529 3410 haereditate.
585 3343 639 3408 Sit
668 3351 783 3407 autem
818 3342 1032 3424 praedictum
1065 3361 1123 3404 rus
1154 3345 1248 3409 omni

199 3454 357 3512 terrenae
379 3444 557 3508 seruitutis
576 3444 659 3523 ingo
681 3444 838 3520 liberum,
859 3443 968 3506 tribus
988 3443 1155 3524 exceptis,
1171 3452 1249 3508 rata

198 3547 360 3613 uidelicet
395 3544 626 3626 expeditione,
662 3544 778 3626 pontis
814 3544 947 3606 arcisue
981 3544 1246 3608 restauratione.

198 3648 234 3713 Si
249 3647 329 3732 quir
346 3644 454 3727 igitur
469 3646 558 3709 hanc
573 3650 728 3708 nostram
744 3643 963 3708 donationem
979 3643 1014 3706 in
1031 3643 1126 3706 aliud
1143 3663 1247 3726 quam

198 3746 441 3813 constituimus
479 3744 667 3809 transferre
699 3744 858 3819 uoluerit,
889 3745 1046 3825 priuatus
1073 3743 1247 3808 consortio

199 3854 341 3913 sanctae
356 3844 412 3910 dci
422 3845 622 3922 aecclesiae,
634 3845 783 3909 aeternis
799 3844 953 3907 barathri
968 3842 1134 3907 incendiis
1145 3843 1247 3924 lugu-

199 3949 269 4012 bris
285 3947 415 4028 iugiter
434 3965 511 4008 cum
532 3945 623 4009 Iuda
644 3944 773 4008 Christi
795 3944 969 4025 proditore
992 3944 1134 4024 eiusque
1154 3963 1246 4008 com·

198 4049 345 4132 plicibus
374 4046 553 4129 puniatur,
585 4046 614 4108 si
649 4064 715 4108 non
745 4043 983 4107 satisfactione
1013 4043 1247 4110 emendauerit

195 4166 353 4231 congrua
369 4145 461 4231 quod
479 4154 601 4211 contra
618 4153 769 4208 nostrum
787 4143 931 4225 deliquit
945 4141 1132 4210 decretum.
1178 4147 1247 4210 His
