<?xml version="1.0" encoding="UTF-8"?>
<!DOCTYPE html PUBLIC "-//W3C//DTD XHTML 1.0 Transitional//EN"
    "http://www.w3.org/TR/xhtml1/DTD/xhtml1-transitional.dtd">
<html xmlns="http://www.w3.org/1999/xhtml" xml:lang="en" lang="en">
 <head>
  <title>
</title>
<meta http-equiv="Content-Type" content="text/html;charset=utf-8" />
  <meta name='ocr-system' content='tesseract 3.04.00' />
  <meta name='ocr-capabilities' content='ocr_page ocr_carea ocr_par ocr_line ocrx_word'/>
</head>
<body>
  <div class='ocr_page' id='page_1' title='image "./codexdiplomatic03kembgoog_0151.png"; bbox 0 0 2902 4890; ppageno 0'>
   <div class='ocr_carea' id='block_1_1' title="bbox 213 377 1006 442">
    <p class='ocr_par' dir='ltr' id='par_1_1' title="bbox 213 377 1006 442">
     <span class='ocr_line' id='line_1_1' title="bbox 213 377 1006 442; baseline -0.005 0"><span class='ocrx_word' id='word_1_1' title='bbox 213 377 278 442; x_wconf 74' lang='lat'>124</span> <span class='ocrx_word' id='word_1_2' title='bbox 472 391 643 440; x_wconf 66' lang='lat' dir='ltr'>cererin</span> <span class='ocrx_word' id='word_1_3' title='bbox 670 389 1006 438; x_wconf 72' lang='lat' dir='ltr'>Anenosnxonrcan.</span> 
     </span>
    </p>
   </div>
   <div class='ocr_carea' id='block_1_2' title="bbox 211 546 1351 2214">
    <p class='ocr_par' dir='ltr' id='par_1_2' title="bbox 211 546 1351 2214">
     <span class='ocr_line' id='line_1_2' title="bbox 213 546 1351 629; baseline 0.002 -21"><span class='ocrx_word' id='word_1_4' title='bbox 213 547 334 629; x_wconf 86' lang='lat' dir='ltr'>pratis,</span> <span class='ocrx_word' id='word_1_5' title='bbox 352 554 521 628; x_wconf 89' lang='lat' dir='ltr'>quatenus</span> <span class='ocrx_word' id='word_1_6' title='bbox 544 566 663 610; x_wconf 89' lang='lat' dir='ltr'>secure</span> <span class='ocrx_word' id='word_1_7' title='bbox 686 547 760 610; x_wconf 91' lang='lat' dir='ltr'>uita</span> <span class='ocrx_word' id='word_1_8' title='bbox 782 547 907 610; x_wconf 88' lang='lat' dir='ltr'>comite</span> <span class='ocrx_word' id='word_1_9' title='bbox 929 546 1105 628; x_wconf 88' lang='lat' dir='ltr'>possideat</span> <span class='ocrx_word' id='word_1_10' title='bbox 1124 552 1159 609; x_wconf 91' lang='lat' dir='ltr'>et</span> <span class='ocrx_word' id='word_1_11' title='bbox 1180 547 1267 618; x_wconf 88' lang='lat' dir='ltr'>bene</span> <span class='ocrx_word' id='word_1_12' title='bbox 1348 612 1351 616; x_wconf 79' lang='grc'>,</span> 
     </span>
     <span class='ocr_line' id='line_1_3' title="bbox 212 645 1269 728; baseline 0 -19"><span class='ocrx_word' id='word_1_13' title='bbox 212 646 427 728; x_wconf 85' lang='lat' dir='ltr'>perfruatur3</span> <span class='ocrx_word' id='word_1_14' title='bbox 453 652 488 710; x_wconf 88' lang='lat' dir='ltr'>et</span> <span class='ocrx_word' id='word_1_15' title='bbox 516 645 654 709; x_wconf 90' lang='lat' dir='ltr'>haeredi</span> <span class='ocrx_word' id='word_1_16' title='bbox 676 647 879 728; x_wconf 87' lang='lat' dir='ltr'>cuicumque</span> <span class='ocrx_word' id='word_1_17' title='bbox 902 646 968 709; x_wconf 89' lang='lat' dir='ltr'>sibi</span> <span class='ocrx_word' id='word_1_18' title='bbox 994 646 1163 728; x_wconf 82' lang='lat' dir='ltr'>placuerit</span> <span class='ocrx_word' id='word_1_19' title='bbox 1188 653 1269 727; x_wconf 90' lang='lat' dir='ltr'>post</span> 
     </span>
     <span class='ocr_line' id='line_1_4' title="bbox 213 745 1269 827; baseline 0 -19"><span class='ocrx_word' id='word_1_20' title='bbox 213 764 251 808; x_wconf 91' lang='lat' dir='ltr'>se</span> <span class='ocrx_word' id='word_1_21' title='bbox 269 745 496 827; x_wconf 90' lang='lat' dir='ltr'>derelinquat,</span> <span class='ocrx_word' id='word_1_22' title='bbox 514 753 554 809; x_wconf 91' lang='lat' dir='ltr'>ut</span> <span class='ocrx_word' id='word_1_23' title='bbox 571 752 652 808; x_wconf 90' lang='lat' dir='ltr'>ante</span> <span class='ocrx_word' id='word_1_24' title='bbox 668 752 828 808; x_wconf 87' lang='lat' dir='ltr'>taxatum</span> <span class='ocrx_word' id='word_1_25' title='bbox 851 751 916 821; x_wconf 89' lang='lat' dir='ltr'>est,</span> <span class='ocrx_word' id='word_1_26' title='bbox 933 745 970 807; x_wconf 93' lang='lat' dir='ltr'>in</span> <span class='ocrx_word' id='word_1_27' title='bbox 996 753 1172 808; x_wconf 81' lang='lat' dir='ltr'>aeternam</span> <span class='ocrx_word' id='word_1_28' title='bbox 1189 764 1269 826; x_wconf 89' lang='lat' dir='ltr'>pos-</span> 
     </span>
     <span class='ocr_line' id='line_1_5' title="bbox 213 843 1270 926; baseline -0.001 -18"><span class='ocrx_word' id='word_1_29' title='bbox 213 845 413 908; x_wconf 85' lang='lat' dir='ltr'>sessionem.</span> <span class='ocrx_word' id='word_1_30' title='bbox 466 844 611 908; x_wconf 84' lang='lat' dir='ltr'>Maneat</span> <span class='ocrx_word' id='word_1_31' title='bbox 635 850 751 909; x_wconf 89' lang='lat' dir='ltr'>autem</span> <span class='ocrx_word' id='word_1_32' title='bbox 774 843 967 926; x_wconf 81' lang='lat' dir='ltr'>praefatum</span> <span class='ocrx_word' id='word_1_33' title='bbox 990 863 1049 906; x_wconf 89' lang='lat' dir='ltr'>rus</span> <span class='ocrx_word' id='word_1_34' title='bbox 1073 845 1224 907; x_wconf 94' lang='lat' dir='ltr'>immune</span> <span class='ocrx_word' id='word_1_35' title='bbox 1247 863 1270 907; x_wconf 91' lang='lat' dir='ltr'>a</span> 
     </span>
     <span class='ocr_line' id='line_1_6' title="bbox 213 943 1269 1027; baseline -0.001 -21"><span class='ocrx_word' id='word_1_36' title='bbox 213 943 346 1006; x_wconf 90' lang='lat' dir='ltr'>eunctis</span> <span class='ocrx_word' id='word_1_37' title='bbox 372 943 602 1006; x_wconf 87' lang='lat' dir='ltr'>mundialibus</span> <span class='ocrx_word' id='word_1_38' title='bbox 626 943 789 1021; x_wconf 87' lang='lat' dir='ltr'>seruitiis,</span> <span class='ocrx_word' id='word_1_39' title='bbox 816 950 932 1006; x_wconf 90' lang='lat' dir='ltr'>tamen</span> <span class='ocrx_word' id='word_1_40' title='bbox 961 944 1116 1027; x_wconf 82' lang='lat' dir='ltr'>exeeptis</span> <span class='ocrx_word' id='word_1_41' title='bbox 1145 944 1269 1020; x_wconf 90' lang='lat' dir='ltr'>tribus,</span> 
     </span>
     <span class='ocr_line' id='line_1_7' title="bbox 214 1041 1269 1125; baseline -0.001 -19"><span class='ocrx_word' id='word_1_42' title='bbox 214 1041 446 1123; x_wconf 84' lang='lat' dir='ltr'>expeditione,</span> <span class='ocrx_word' id='word_1_43' title='bbox 477 1043 593 1125; x_wconf 90' lang='lat' dir='ltr'>pontis</span> <span class='ocrx_word' id='word_1_44' title='bbox 625 1043 759 1106; x_wconf 87' lang='lat' dir='ltr'>arcisue</span> <span class='ocrx_word' id='word_1_45' title='bbox 789 1042 1056 1106; x_wconf 88' lang='lat' dir='ltr'>constructione.</span> <span class='ocrx_word' id='word_1_46' title='bbox 1119 1041 1156 1105; x_wconf 87' lang='lat' dir='ltr'>Si</span> <span class='ocrx_word' id='word_1_47' title='bbox 1190 1043 1269 1124; x_wconf 88' lang='lat' dir='ltr'>quis</span> 
     </span>
     <span class='ocr_line' id='line_1_8' title="bbox 214 1139 1268 1223; baseline 0.005 -19"><span class='ocrx_word' id='word_1_48' title='bbox 214 1148 329 1204; x_wconf 88' lang='lat' dir='ltr'>autem</span> <span class='ocrx_word' id='word_1_49' title='bbox 353 1141 456 1204; x_wconf 89' lang='lat' dir='ltr'>huius</span> <span class='ocrx_word' id='word_1_50' title='bbox 482 1149 620 1206; x_wconf 91' lang='lat' dir='ltr'>nostrae</span> <span class='ocrx_word' id='word_1_51' title='bbox 650 1141 847 1205; x_wconf 88' lang='lat' dir='ltr'>donationis</span> <span class='ocrx_word' id='word_1_52' title='bbox 876 1139 958 1223; x_wconf 93' lang='lat' dir='ltr'>quid</span> <span class='ocrx_word' id='word_1_53' title='bbox 985 1149 1047 1206; x_wconf 90' lang='lat' dir='ltr'>aut</span> <span class='ocrx_word' id='word_1_54' title='bbox 1074 1159 1153 1204; x_wconf 87' lang='lat' dir='ltr'>eum</span> <span class='ocrx_word' id='word_1_55' title='bbox 1176 1142 1268 1209; x_wconf 91' lang='lat' dir='ltr'>anti·</span> 
     </span>
     <span class='ocr_line' id='line_1_9' title="bbox 214 1240 1270 1322; baseline 0.002 -20"><span class='ocrx_word' id='word_1_56' title='bbox 214 1259 283 1322; x_wconf 90' lang='lat' dir='ltr'>quo</span> <span class='ocrx_word' id='word_1_57' title='bbox 305 1240 422 1303; x_wconf 91' lang='lat' dir='ltr'>libello</span> <span class='ocrx_word' id='word_1_58' title='bbox 445 1240 502 1304; x_wconf 91' lang='lat' dir='ltr'>uel</span> <span class='ocrx_word' id='word_1_59' title='bbox 524 1260 602 1304; x_wconf 93' lang='lat' dir='ltr'>cum</span> <span class='ocrx_word' id='word_1_60' title='bbox 622 1240 738 1322; x_wconf 90' lang='lat' dir='ltr'>aliquo</span> <span class='ocrx_word' id='word_1_61' title='bbox 763 1241 872 1304; x_wconf 88' lang='lat' dir='ltr'>falsae</span> <span class='ocrx_word' id='word_1_62' title='bbox 894 1240 1129 1305; x_wconf 90' lang='lat' dir='ltr'>subuersionis</span> <span class='ocrx_word' id='word_1_63' title='bbox 1151 1241 1270 1304; x_wconf 92' lang='lat' dir='ltr'>obsta-</span> 
     </span>
     <span class='ocr_line' id='line_1_10' title="bbox 213 1339 1269 1422; baseline 0.002 -20"><span class='ocrx_word' id='word_1_64' title='bbox 213 1339 292 1402; x_wconf 89' lang='lat' dir='ltr'>culo</span> <span class='ocrx_word' id='word_1_65' title='bbox 318 1339 566 1422; x_wconf 87' lang='lat' dir='ltr'>interrumpere</span> <span class='ocrx_word' id='word_1_66' title='bbox 588 1339 750 1416; x_wconf 90' lang='lat' dir='ltr'>uoluerit,</span> <span class='ocrx_word' id='word_1_67' title='bbox 774 1340 822 1403; x_wconf 90' lang='lat' dir='ltr'>sit</span> <span class='ocrx_word' id='word_1_68' title='bbox 840 1346 956 1403; x_wconf 92' lang='lat' dir='ltr'>autem</span> <span class='ocrx_word' id='word_1_69' title='bbox 982 1341 1056 1422; x_wconf 89' lang='lat' dir='ltr'>ipse</span> <span class='ocrx_word' id='word_1_70' title='bbox 1078 1339 1142 1404; x_wconf 90' lang='lat' dir='ltr'>sub</span> <span class='ocrx_word' id='word_1_71' title='bbox 1165 1339 1269 1420; x_wconf 86' lang='lat' dir='ltr'>Stigii</span> 
     </span>
     <span class='ocr_line' id='line_1_11' title="bbox 213 1438 1269 1520; baseline 0.003 -20"><span class='ocrx_word' id='word_1_72' title='bbox 213 1438 364 1501; x_wconf 89' lang='lat' dir='ltr'>fluminis</span> <span class='ocrx_word' id='word_1_73' title='bbox 382 1438 474 1502; x_wconf 90' lang='lat' dir='ltr'>unda</span> <span class='ocrx_word' id='word_1_74' title='bbox 491 1458 656 1520; x_wconf 91' lang='lat' dir='ltr'>praeceps</span> <span class='ocrx_word' id='word_1_75' title='bbox 677 1439 713 1502; x_wconf 94' lang='lat' dir='ltr'>in</span> <span class='ocrx_word' id='word_1_76' title='bbox 735 1438 805 1500; x_wconf 88' lang='lat' dir='ltr'>ima</span> <span class='ocrx_word' id='word_1_77' title='bbox 820 1439 971 1503; x_wconf 84' lang='lat' dir='ltr'>Tartara</span> <span class='ocrx_word' id='word_1_78' title='bbox 985 1447 1114 1514; x_wconf 89' lang='lat' dir='ltr'>trusus,</span> <span class='ocrx_word' id='word_1_79' title='bbox 1129 1439 1196 1502; x_wconf 89' lang='lat' dir='ltr'>nisi</span> <span class='ocrx_word' id='word_1_80' title='bbox 1212 1438 1269 1503; x_wconf 90' lang='lat' dir='ltr'>bic</span> 
     </span>
     <span class='ocr_line' id='line_1_12' title="bbox 214 1536 1269 1620; baseline 0.001 -21"><span class='ocrx_word' id='word_1_81' title='bbox 214 1538 310 1620; x_wconf 91' lang='lat' dir='ltr'>prius</span> <span class='ocrx_word' id='word_1_82' title='bbox 337 1537 380 1601; x_wconf 90' lang='lat' dir='ltr'>ad</span> <span class='ocrx_word' id='word_1_83' title='bbox 407 1536 679 1601; x_wconf 80' lang='lat' dir='ltr'>satisfactionem</span> <span class='ocrx_word' id='word_1_84' title='bbox 707 1537 826 1600; x_wconf 89' lang='lat' dir='ltr'>uenire</span> <span class='ocrx_word' id='word_1_85' title='bbox 849 1537 1019 1602; x_wconf 86' lang='lat' dir='ltr'>maluerit.</span> <span class='ocrx_word' id='word_1_86' title='bbox 1088 1537 1171 1602; x_wconf 87' lang='lat' dir='ltr'>Istis</span> <span class='ocrx_word' id='word_1_87' title='bbox 1198 1545 1269 1602; x_wconf 87' lang='lat' dir='ltr'>ter·</span> 
     </span>
     <span class='ocr_line' id='line_1_13' title="bbox 214 1637 1268 1720; baseline 0 -21"><span class='ocrx_word' id='word_1_88' title='bbox 214 1637 315 1700; x_wconf 92' lang='lat' dir='ltr'>minis</span> <span class='ocrx_word' id='word_1_89' title='bbox 333 1637 510 1718; x_wconf 87' lang='lat' dir='ltr'>praedicta</span> <span class='ocrx_word' id='word_1_90' title='bbox 532 1643 623 1700; x_wconf 87' lang='lat' dir='ltr'>terra</span> <span class='ocrx_word' id='word_1_91' title='bbox 643 1637 897 1720; x_wconf 83' lang='lat' dir='ltr'>circumgyrata</span> <span class='ocrx_word' id='word_1_92' title='bbox 911 1656 986 1700; x_wconf 89' lang='lat' dir='ltr'>esse</span> <span class='ocrx_word' id='word_1_93' title='bbox 1002 1637 1150 1700; x_wconf 88' lang='lat' dir='ltr'>uidetur.</span> <span class='ocrx_word' id='word_1_94' title='bbox 1204 1637 1268 1700; x_wconf 82' lang='lat' dir='ltr'>Dis</span> 
     </span>
     <span class='ocr_line' id='line_1_14' title="bbox 214 1726 1268 1817; baseline 0.002 -19"><span class='ocrx_word' id='word_1_95' title='bbox 214 1735 291 1799; x_wconf 92' lang='lat' dir='ltr'>sind</span> <span class='ocrx_word' id='word_1_96' title='bbox 312 1742 360 1800; x_wconf 71' lang='lat' dir='ltr'>tta</span> <span class='ocrx_word' id='word_1_97' title='bbox 383 1726 617 1817; x_wconf 67' lang='lat' dir='ltr'>landgemaera</span> <span class='ocrx_word' id='word_1_98' title='bbox 641 1729 679 1800; x_wconf 73' lang='lat' dir='ltr'>to</span> <span class='ocrx_word' id='word_1_99' title='bbox 697 1735 890 1799; x_wconf 88' lang='lat' dir='ltr'>Sandforda</span> <span class='ocrx_word' id='word_1_100' title='bbox 912 1756 957 1799; x_wconf 94' lang='lat' dir='ltr'>on</span> <span class='ocrx_word' id='word_1_101' title='bbox 973 1726 1055 1799; x_wconf 68' lang='lat' dir='ltr'>’darn</span> <span class='ocrx_word' id='word_1_102' title='bbox 1072 1755 1268 1817; x_wconf 83' lang='lat' dir='ltr'>gemannan</span> 
     </span>
     <span class='ocr_line' id='line_1_15' title="bbox 211 1825 1268 1899; baseline 0.003 -3"><span class='ocrx_word' id='word_1_103' title='bbox 211 1834 327 1899; x_wconf 90' lang='lat' dir='ltr'>lande.</span> <span class='ocrx_word' id='word_1_104' title='bbox 373 1835 491 1898; x_wconf 88' lang='lat' dir='ltr'>AErest</span> <span class='ocrx_word' id='word_1_105' title='bbox 523 1835 562 1899; x_wconf 87' lang='lat' dir='ltr'>of</span> <span class='ocrx_word' id='word_1_106' title='bbox 588 1835 814 1898; x_wconf 88' lang='lat' dir='ltr'>stibbuowere</span> <span class='ocrx_word' id='word_1_107' title='bbox 843 1825 918 1898; x_wconf 69' lang='lat' dir='ltr'>swa</span> <span class='ocrx_word' id='word_1_108' title='bbox 947 1841 1034 1898; x_wconf 69' lang='lat' dir='ltr'>noro</span> <span class='ocrx_word' id='word_1_109' title='bbox 1062 1834 1159 1898; x_wconf 86' lang='lat' dir='ltr'>aefter</span> <span class='ocrx_word' id='word_1_110' title='bbox 1189 1834 1268 1899; x_wconf 74' lang='lat' dir='ltr'>deire</span> 
     </span>
     <span class='ocr_line' id='line_1_16' title="bbox 214 1923 1269 2013; baseline 0.004 -18"><span class='ocrx_word' id='word_1_111' title='bbox 214 1933 359 1997; x_wconf 88' lang='lat' dir='ltr'>Temese</span> <span class='ocrx_word' id='word_1_112' title='bbox 372 1935 414 1996; x_wconf 93' lang='lat' dir='ltr'>be</span> <span class='ocrx_word' id='word_1_113' title='bbox 431 1934 569 1997; x_wconf 84' lang='lat' dir='ltr'>healsan</span> <span class='ocrx_word' id='word_1_114' title='bbox 587 1923 736 1997; x_wconf 67' lang='lat' dir='ltr'>streame</span> <span class='ocrx_word' id='word_1_115' title='bbox 752 1924 827 1997; x_wconf 74' lang='lat' dir='ltr'>into</span> <span class='ocrx_word' id='word_1_116' title='bbox 840 1933 1048 1997; x_wconf 83' lang='lat' dir='ltr'>Sandsordes</span> <span class='ocrx_word' id='word_1_117' title='bbox 1064 1934 1169 2013; x_wconf 81' lang='lat' dir='ltr'>laece3</span> <span class='ocrx_word' id='word_1_118' title='bbox 1193 1925 1269 1999; x_wconf 67' lang='lat' dir='ltr'>swa</span> 
     </span>
     <span class='ocr_line' id='line_1_17' title="bbox 214 2022 1269 2113; baseline 0.005 -19"><span class='ocrx_word' id='word_1_119' title='bbox 214 2033 366 2113; x_wconf 77' lang='lat' dir='ltr'>andlang</span> <span class='ocrx_word' id='word_1_120' title='bbox 386 2022 478 2098; x_wconf 73' lang='grc' dir='ltr'><strong>δῶτε</strong></span> <span class='ocrx_word' id='word_1_121' title='bbox 498 2032 573 2096; x_wconf 89' lang='lat' dir='ltr'>lace</span> <span class='ocrx_word' id='word_1_122' title='bbox 598 2023 672 2096; x_wconf 70' lang='lat' dir='ltr'>into</span> <span class='ocrx_word' id='word_1_123' title='bbox 698 2032 901 2107; x_wconf 87' lang='lat' dir='ltr'>Santforda;</span> <span class='ocrx_word' id='word_1_124' title='bbox 934 2031 975 2096; x_wconf 83' lang='lat' dir='ltr'>os</span> <span class='ocrx_word' id='word_1_125' title='bbox 991 2031 1186 2096; x_wconf 86' lang='lat' dir='ltr'>Sandforda</span> <span class='ocrx_word' id='word_1_126' title='bbox 1212 2027 1269 2099; x_wconf 69' lang='lat' dir='ltr'>est</span> 
     </span>
     <span class='ocr_line' id='line_1_18' title="bbox 214 2119 1268 2214; baseline 0.001 -19"><span class='ocrx_word' id='word_1_127' title='bbox 214 2131 366 2213; x_wconf 87' lang='lat' dir='ltr'>andlang</span> <span class='ocrx_word' id='word_1_128' title='bbox 379 2122 475 2197; x_wconf 58' lang='grc' dir='ltr'>δῶτε</span> <span class='ocrx_word' id='word_1_129' title='bbox 490 2132 574 2195; x_wconf 85' lang='lat' dir='ltr'>leeee</span> <span class='ocrx_word' id='word_1_130' title='bbox 592 2129 637 2213; x_wconf 77' lang='lat' dir='ltr'>dp</span> <span class='ocrx_word' id='word_1_131' title='bbox 655 2122 692 2196; x_wconf 77' lang='lat' dir='ltr'>td</span> <span class='ocrx_word' id='word_1_132' title='bbox 709 2132 856 2213; x_wconf 81' lang='lat' dir='ltr'>ferniges</span> <span class='ocrx_word' id='word_1_133' title='bbox 872 2119 1041 2205; x_wconf 69' lang='lat' dir='ltr'>heafdom</span> <span class='ocrx_word' id='word_1_134' title='bbox 1067 2131 1107 2194; x_wconf 83' lang='lat' dir='ltr'>os</span> <span class='ocrx_word' id='word_1_135' title='bbox 1117 2131 1268 2214; x_wconf 84' lang='lat' dir='ltr'>ferniges</span> 
     </span>
    </p>
   </div>
   <div class='ocr_carea' id='block_1_3' title="bbox 212 2319 1269 4202">
    <p class='ocr_par' dir='ltr' id='par_1_3' title="bbox 213 2319 1269 2987">
     <span class='ocr_line' id='line_1_19' title="bbox 213 2319 1269 2411; baseline 0.003 -18"><span class='ocrx_word' id='word_1_136' title='bbox 213 2330 283 2394; x_wconf 70' lang='lat' dir='ltr'>swa</span> <span class='ocrx_word' id='word_1_137' title='bbox 322 2321 391 2395; x_wconf 70' lang='lat' dir='ltr'>sirit</span> <span class='ocrx_word' id='word_1_138' title='bbox 429 2331 581 2411; x_wconf 86' lang='lat' dir='ltr'>andlang</span> <span class='ocrx_word' id='word_1_139' title='bbox 615 2321 709 2395; x_wconf 63' lang='grc' dir='ltr'><strong>’δῶτε</strong></span> <span class='ocrx_word' id='word_1_140' title='bbox 738 2320 838 2395; x_wconf 53' lang='lat' dir='ltr'>strat</span> <span class='ocrx_word' id='word_1_141' title='bbox 862 2321 939 2394; x_wconf 75' lang='lat' dir='ltr'>intd</span> <span class='ocrx_word' id='word_1_142' title='bbox 967 2319 1269 2396; x_wconf 66' lang='lat' dir='ltr'>bealddsrnheama</span> 
     </span>
     <span class='ocr_line' id='line_1_20' title="bbox 213 2418 1268 2511; baseline 0.004 -20"><span class='ocrx_word' id='word_1_143' title='bbox 213 2418 384 2511; x_wconf 56' lang='lat' dir='ltr'>gemffire3</span> <span class='ocrx_word' id='word_1_144' title='bbox 410 2429 477 2492; x_wconf 92' lang='lat' dir='ltr'>and</span> <span class='ocrx_word' id='word_1_145' title='bbox 501 2419 575 2493; x_wconf 71' lang='lat' dir='ltr'>swa</span> <span class='ocrx_word' id='word_1_146' title='bbox 591 2436 676 2493; x_wconf 86' lang='lat' dir='ltr'>west</span> <span class='ocrx_word' id='word_1_147' title='bbox 692 2428 843 2509; x_wconf 83' lang='lat' dir='ltr'>andlang</span> <span class='ocrx_word' id='word_1_148' title='bbox 858 2420 1025 2511; x_wconf 56' lang='lat' dir='ltr'>gemffires</span> <span class='ocrx_word' id='word_1_149' title='bbox 1042 2420 1117 2493; x_wconf 70' lang='lat' dir='ltr'>into</span> <span class='ocrx_word' id='word_1_150' title='bbox 1135 2431 1268 2494; x_wconf 89' lang='lat' dir='ltr'>niwan-</span> 
     </span>
     <span class='ocr_line' id='line_1_21' title="bbox 214 2516 1267 2609; baseline 0.005 -19"><span class='ocrx_word' id='word_1_151' title='bbox 214 2519 327 2593; x_wconf 54' lang='lat' dir='ltr'>hama</span> <span class='ocrx_word' id='word_1_152' title='bbox 349 2519 510 2609; x_wconf 70' lang='lat' dir='ltr'>gemdra3</span> <span class='ocrx_word' id='word_1_153' title='bbox 541 2516 706 2591; x_wconf 68' lang='lat' dir='ltr'>andswa</span> <span class='ocrx_word' id='word_1_154' title='bbox 728 2528 880 2609; x_wconf 83' lang='lat' dir='ltr'>andlang</span> <span class='ocrx_word' id='word_1_155' title='bbox 902 2518 1068 2608; x_wconf 56' lang='lat' dir='ltr'>gemffires</span> <span class='ocrx_word' id='word_1_156' title='bbox 1095 2549 1138 2592; x_wconf 91' lang='lat' dir='ltr'>on</span> <span class='ocrx_word' id='word_1_157' title='bbox 1163 2528 1267 2595; x_wconf 63' lang='lat' dir='ltr'>sube-</span> 
     </span>
     <span class='ocr_line' id='line_1_22' title="bbox 215 2616 1268 2709; baseline 0.002 -18"><span class='ocrx_word' id='word_1_158' title='bbox 215 2628 329 2692; x_wconf 87' lang='lat' dir='ltr'>werde</span> <span class='ocrx_word' id='word_1_159' title='bbox 352 2617 533 2709; x_wconf 69' lang='lat' dir='ltr'>hochylle3</span> <span class='ocrx_word' id='word_1_160' title='bbox 558 2627 598 2689; x_wconf 86' lang='lat' dir='ltr'>of</span> <span class='ocrx_word' id='word_1_161' title='bbox 609 2617 769 2709; x_wconf 77' lang='lat' dir='ltr'>bdchylle</span> <span class='ocrx_word' id='word_1_162' title='bbox 792 2616 866 2690; x_wconf 72' lang='lat' dir='ltr'>swa</span> <span class='ocrx_word' id='word_1_163' title='bbox 884 2633 969 2690; x_wconf 88' lang='lat' dir='ltr'>west</span> <span class='ocrx_word' id='word_1_164' title='bbox 995 2645 1040 2690; x_wconf 92' lang='lat' dir='ltr'>on</span> <span class='ocrx_word' id='word_1_165' title='bbox 1057 2627 1190 2707; x_wconf 83' lang='lat' dir='ltr'>gerihte</span> <span class='ocrx_word' id='word_1_166' title='bbox 1219 2629 1268 2694; x_wconf 89' lang='lat' dir='ltr'>eft</span> 
     </span>
     <span class='ocr_line' id='line_1_23' title="bbox 215 2724 1266 2808; baseline 0.002 -18"><span class='ocrx_word' id='word_1_167' title='bbox 215 2747 259 2790; x_wconf 92' lang='lat' dir='ltr'>on</span> <span class='ocrx_word' id='word_1_168' title='bbox 294 2727 544 2807; x_wconf 89' lang='lat' dir='ltr'>stybbucwere.</span> <span class='ocrx_word' id='word_1_169' title='bbox 596 2724 688 2788; x_wconf 90' lang='lat' dir='ltr'>Acta</span> <span class='ocrx_word' id='word_1_170' title='bbox 721 2732 775 2788; x_wconf 94' lang='lat' dir='ltr'>est</span> <span class='ocrx_word' id='word_1_171' title='bbox 807 2725 892 2789; x_wconf 90' lang='lat' dir='ltr'>haec</span> <span class='ocrx_word' id='word_1_172' title='bbox 930 2725 1087 2808; x_wconf 88' lang='lat' dir='ltr'>praefata</span> <span class='ocrx_word' id='word_1_173' title='bbox 1122 2726 1266 2792; x_wconf 89' lang='lat' dir='ltr'>donatio</span> 
     </span>
     <span class='ocr_line' id='line_1_24' title="bbox 214 2823 1267 2891; baseline 0.004 -4"><span class='ocrx_word' id='word_1_174' title='bbox 214 2844 305 2888; x_wconf 91' lang='lat' dir='ltr'>anno</span> <span class='ocrx_word' id='word_1_175' title='bbox 323 2826 366 2887; x_wconf 91' lang='lat' dir='ltr'>ab</span> <span class='ocrx_word' id='word_1_176' title='bbox 389 2824 624 2887; x_wconf 87' lang='lat' dir='ltr'>incarnatione</span> <span class='ocrx_word' id='word_1_177' title='bbox 640 2823 769 2888; x_wconf 91' lang='lat' dir='ltr'>domini</span> <span class='ocrx_word' id='word_1_178' title='bbox 791 2825 900 2888; x_wconf 89' lang='lat' dir='ltr'>nostri</span> <span class='ocrx_word' id='word_1_179' title='bbox 917 2824 1023 2889; x_wconf 91' lang='lat' dir='ltr'>Ihesu</span> <span class='ocrx_word' id='word_1_180' title='bbox 1039 2824 1167 2890; x_wconf 85' lang='lat' dir='ltr'>Christi</span> <span class='ocrx_word' id='word_1_181' title='bbox 1189 2828 1267 2891; x_wconf 93' lang='lat' dir='ltr'>mil·</span> 
     </span>
     <span class='ocr_line' id='line_1_25' title="bbox 214 2924 393 2987; baseline 0 -1"><span class='ocrx_word' id='word_1_182' title='bbox 214 2924 333 2987; x_wconf 93' lang='lat' dir='ltr'>lesimo</span> <span class='ocrx_word' id='word_1_183' title='bbox 349 2941 393 2987; x_wconf 75' lang='lat' dir='ltr'>a..</span> 
     </span>
    </p>

    <p class='ocr_par' dir='ltr' id='par_1_4' title="bbox 212 3021 1268 4202">
     <span class='ocr_line' id='line_1_26' title="bbox 270 3021 1266 3105; baseline 0.005 -19"><span class='ocrx_word' id='word_1_184' title='bbox 270 3026 309 3105; x_wconf 53' lang='grc' dir='ltr'>»ᾖ</span> <span class='ocrx_word' id='word_1_185' title='bbox 328 3023 404 3104; x_wconf 84' lang='lat' dir='ltr'>Ego</span> <span class='ocrx_word' id='word_1_186' title='bbox 424 3021 637 3087; x_wconf 90' lang='lat' dir='ltr'>Eadwardus</span> <span class='ocrx_word' id='word_1_187' title='bbox 654 3042 717 3086; x_wconf 84' lang='lat' dir='ltr'>rex</span> <span class='ocrx_word' id='word_1_188' title='bbox 732 3022 926 3104; x_wconf 82' lang='lat' dir='ltr'>Anglorum</span> <span class='ocrx_word' id='word_1_189' title='bbox 949 3024 1139 3105; x_wconf 85' lang='lat' dir='ltr'>praefatam</span> <span class='ocrx_word' id='word_1_190' title='bbox 1156 3025 1266 3091; x_wconf 89' lang='lat' dir='ltr'>dona-</span> 
     </span>
     <span class='ocr_line' id='line_1_27' title="bbox 214 3121 1267 3204; baseline 0.006 -20"><span class='ocrx_word' id='word_1_191' title='bbox 214 3122 343 3185; x_wconf 93' lang='lat' dir='ltr'>tionem</span> <span class='ocrx_word' id='word_1_192' title='bbox 367 3122 430 3185; x_wconf 95' lang='lat' dir='ltr'>sub</span> <span class='ocrx_word' id='word_1_193' title='bbox 456 3121 555 3204; x_wconf 86' lang='lat' dir='ltr'>signo</span> <span class='ocrx_word' id='word_1_194' title='bbox 578 3130 719 3187; x_wconf 86' lang='lat' dir='ltr'>sanctae</span> <span class='ocrx_word' id='word_1_195' title='bbox 741 3124 852 3186; x_wconf 89' lang='lat' dir='ltr'>crucis</span> <span class='ocrx_word' id='word_1_196' title='bbox 875 3121 1163 3187; x_wconf 87' lang='lat' dir='ltr'>indeclinabiliter</span> <span class='ocrx_word' id='word_1_197' title='bbox 1184 3144 1267 3189; x_wconf 93' lang='lat' dir='ltr'>con·</span> 
     </span>
     <span class='ocr_line' id='line_1_28' title="bbox 214 3222 1268 3303; baseline 0.005 -18"><span class='ocrx_word' id='word_1_198' title='bbox 214 3222 306 3285; x_wconf 90' lang='lat' dir='ltr'>sensi</span> <span class='ocrx_word' id='word_1_199' title='bbox 323 3228 428 3303; x_wconf 89' lang='lat' dir='ltr'>atque</span> <span class='ocrx_word' id='word_1_200' title='bbox 444 3223 615 3288; x_wconf 88' lang='lat' dir='ltr'>roboraui.</span> <span class='ocrx_word' id='word_1_201' title='bbox 673 3224 712 3303; x_wconf 53' lang='grc' dir='ltr'>»ᾖ</span> <span class='ocrx_word' id='word_1_202' title='bbox 731 3222 807 3303; x_wconf 84' lang='lat' dir='ltr'>Ego</span> <span class='ocrx_word' id='word_1_203' title='bbox 825 3222 973 3286; x_wconf 88' lang='lat' dir='ltr'>Eadsius</span> <span class='ocrx_word' id='word_1_204' title='bbox 990 3223 1268 3290; x_wconf 88' lang='lat' dir='ltr'>Dorobornensis</span> 
     </span>
     <span class='ocr_line' id='line_1_29' title="bbox 214 3320 1266 3404; baseline 0.005 -20"><span class='ocrx_word' id='word_1_205' title='bbox 214 3322 400 3384; x_wconf 87' lang='lat' dir='ltr'>aecclesiae</span> <span class='ocrx_word' id='word_1_206' title='bbox 423 3322 700 3403; x_wconf 87' lang='lat' dir='ltr'>archiepiscopus</span> <span class='ocrx_word' id='word_1_207' title='bbox 720 3320 872 3384; x_wconf 91' lang='lat' dir='ltr'>eiusdem</span> <span class='ocrx_word' id='word_1_208' title='bbox 890 3322 983 3402; x_wconf 84' lang='lat' dir='ltr'>regis</span> <span class='ocrx_word' id='word_1_209' title='bbox 998 3322 1126 3386; x_wconf 92' lang='lat' dir='ltr'>donum</span> <span class='ocrx_word' id='word_1_210' title='bbox 1149 3324 1266 3404; x_wconf 85' lang='lat' dir='ltr'>sigillo</span> 
     </span>
     <span class='ocr_line' id='line_1_30' title="bbox 213 3420 1266 3503; baseline 0.005 -21"><span class='ocrx_word' id='word_1_211' title='bbox 213 3429 354 3484; x_wconf 88' lang='lat' dir='ltr'>sanotae</span> <span class='ocrx_word' id='word_1_212' title='bbox 371 3422 483 3483; x_wconf 87' lang='lat' dir='ltr'>crucis</span> <span class='ocrx_word' id='word_1_213' title='bbox 500 3421 698 3502; x_wconf 88' lang='lat' dir='ltr'>subscripsi.</span> <span class='ocrx_word' id='word_1_214' title='bbox 756 3423 795 3502; x_wconf 52' lang='grc' dir='ltr'>»ᾖ</span> <span class='ocrx_word' id='word_1_215' title='bbox 810 3421 887 3502; x_wconf 84' lang='lat' dir='ltr'>Ego</span> <span class='ocrx_word' id='word_1_216' title='bbox 905 3420 1092 3503; x_wconf 79' lang='lat' dir='ltr'>stigandus</span> <span class='ocrx_word' id='word_1_217' title='bbox 1105 3420 1266 3487; x_wconf 90' lang='lat' dir='ltr'>Winton-</span> 
     </span>
     <span class='ocr_line' id='line_1_31' title="bbox 212 3519 1266 3602; baseline 0.007 -21"><span class='ocrx_word' id='word_1_218' title='bbox 212 3519 317 3581; x_wconf 91' lang='lat' dir='ltr'>iensis</span> <span class='ocrx_word' id='word_1_219' title='bbox 343 3519 529 3582; x_wconf 85' lang='lat' dir='ltr'>aecclesiae</span> <span class='ocrx_word' id='word_1_220' title='bbox 556 3521 738 3602; x_wconf 90' lang='lat' dir='ltr'>episcopus</span> <span class='ocrx_word' id='word_1_221' title='bbox 761 3520 966 3584; x_wconf 90' lang='lat' dir='ltr'>testudinem</span> <span class='ocrx_word' id='word_1_222' title='bbox 989 3527 1129 3583; x_wconf 89' lang='lat' dir='ltr'>sanctae</span> <span class='ocrx_word' id='word_1_223' title='bbox 1153 3524 1266 3588; x_wconf 88' lang='lat' dir='ltr'>erucis</span> 
     </span>
     <span class='ocr_line' id='line_1_32' title="bbox 212 3617 1268 3703; baseline 0.005 -21"><span class='ocrx_word' id='word_1_224' title='bbox 212 3617 425 3682; x_wconf 90' lang='lat' dir='ltr'>confirmaui.</span> <span class='ocrx_word' id='word_1_225' title='bbox 507 3620 546 3699; x_wconf 54' lang='grc' dir='ltr'>ᾧ</span> <span class='ocrx_word' id='word_1_226' title='bbox 579 3618 655 3698; x_wconf 81' lang='lat' dir='ltr'>Ego</span> <span class='ocrx_word' id='word_1_227' title='bbox 684 3618 767 3681; x_wconf 87' lang='lat' dir='ltr'>Ulfo</span> <span class='ocrx_word' id='word_1_228' title='bbox 801 3620 982 3701; x_wconf 90' lang='lat' dir='ltr'>episcopus</span> <span class='ocrx_word' id='word_1_229' title='bbox 1014 3620 1202 3703; x_wconf 89' lang='lat' dir='ltr'>subscripsi</span> <span class='ocrx_word' id='word_1_230' title='bbox 1231 3629 1268 3687; x_wconf 89' lang='lat' dir='ltr'>et</span> 
     </span>
     <span class='ocr_line' id='line_1_33' title="bbox 214 3716 1261 3805; baseline -0.001 -24"><span class='ocrx_word' id='word_1_231' title='bbox 214 3717 376 3781; x_wconf 91' lang='lat' dir='ltr'>conclusi.</span> <span class='ocrx_word' id='word_1_232' title='bbox 448 3717 487 3796; x_wconf 54' lang='grc' dir='ltr'>ᾧ</span> <span class='ocrx_word' id='word_1_233' title='bbox 513 3717 588 3796; x_wconf 82' lang='lat' dir='ltr'>Ego</span> <span class='ocrx_word' id='word_1_234' title='bbox 613 3716 728 3779; x_wconf 91' lang='lat' dir='ltr'>Hoica</span> <span class='ocrx_word' id='word_1_235' title='bbox 761 3719 943 3801; x_wconf 88' lang='lat' dir='ltr'>episcopus</span> <span class='ocrx_word' id='word_1_236' title='bbox 977 3719 1146 3782; x_wconf 90' lang='lat' dir='ltr'>consensi.</span> <span class='ocrx_word' id='word_1_237' title='bbox 1220 3724 1261 3805; x_wconf 73' lang='lat'>›1‹</span> 
     </span>
     <span class='ocr_line' id='line_1_34' title="bbox 214 3813 1265 3899; baseline 0.003 -17"><span class='ocrx_word' id='word_1_238' title='bbox 214 3817 290 3898; x_wconf 83' lang='lat' dir='ltr'>Ego</span> <span class='ocrx_word' id='word_1_239' title='bbox 308 3813 444 3877; x_wconf 89' lang='lat' dir='ltr'>Dudica</span> <span class='ocrx_word' id='word_1_240' title='bbox 460 3816 641 3897; x_wconf 88' lang='lat' dir='ltr'>episcopus</span> <span class='ocrx_word' id='word_1_241' title='bbox 663 3816 877 3896; x_wconf 84' lang='lat' dir='ltr'>consignaui.</span> <span class='ocrx_word' id='word_1_242' title='bbox 934 3820 973 3899; x_wconf 53' lang='grc' dir='ltr'>»ᾖ</span> <span class='ocrx_word' id='word_1_243' title='bbox 993 3818 1068 3899; x_wconf 84' lang='lat' dir='ltr'>Ego</span> <span class='ocrx_word' id='word_1_244' title='bbox 1086 3817 1265 3885; x_wconf 84' lang='lat' dir='ltr'>Leosrieus</span> 
     </span>
     <span class='ocr_line' id='line_1_35' title="bbox 213 3914 1264 4001; baseline 0.005 -21"><span class='ocrx_word' id='word_1_245' title='bbox 213 3917 394 4000; x_wconf 89' lang='lat' dir='ltr'>episcopus</span> <span class='ocrx_word' id='word_1_246' title='bbox 410 3914 620 3976; x_wconf 90' lang='lat' dir='ltr'>oonfirmaui.</span> <span class='ocrx_word' id='word_1_247' title='bbox 676 3916 716 3995; x_wconf 69' lang='lat'>›1‹</span> <span class='ocrx_word' id='word_1_248' title='bbox 731 3915 807 3996; x_wconf 83' lang='lat' dir='ltr'>Ego</span> <span class='ocrx_word' id='word_1_249' title='bbox 820 3916 1063 3980; x_wconf 85' lang='lat' dir='ltr'>Horemannus</span> <span class='ocrx_word' id='word_1_250' title='bbox 1081 3918 1264 4001; x_wconf 88' lang='lat' dir='ltr'>episcopus</span> 
     </span>
     <span class='ocr_line' id='line_1_36' title="bbox 215 4013 1263 4099; baseline 0.004 -18"><span class='ocrx_word' id='word_1_251' title='bbox 215 4013 444 4082; x_wconf 89' lang='lat' dir='ltr'>corroboraui.</span> <span class='ocrx_word' id='word_1_252' title='bbox 525 4015 564 4094; x_wconf 53' lang='grc' dir='ltr'>»ᾖ</span> <span class='ocrx_word' id='word_1_253' title='bbox 581 4013 655 4094; x_wconf 84' lang='lat' dir='ltr'>Ego</span> <span class='ocrx_word' id='word_1_254' title='bbox 673 4013 880 4078; x_wconf 88' lang='lat' dir='ltr'>AElfwoldus</span> <span class='ocrx_word' id='word_1_255' title='bbox 897 4015 1078 4099; x_wconf 90' lang='lat' dir='ltr'>episcopus</span> <span class='ocrx_word' id='word_1_256' title='bbox 1096 4018 1263 4086; x_wconf 85' lang='lat' dir='ltr'>conclusi.</span> 
     </span>
     <span class='ocr_line' id='line_1_37' title="bbox 222 4112 1264 4202; baseline 0.002 -22"><span class='ocrx_word' id='word_1_257' title='bbox 222 4120 260 4202; x_wconf 72' lang='lat'>›1‹</span> <span class='ocrx_word' id='word_1_258' title='bbox 283 4115 356 4198; x_wconf 84' lang='lat' dir='ltr'>Ego</span> <span class='ocrx_word' id='word_1_259' title='bbox 376 4112 565 4176; x_wconf 88' lang='lat' dir='ltr'>Ealdredus</span> <span class='ocrx_word' id='word_1_260' title='bbox 583 4114 764 4194; x_wconf 90' lang='lat' dir='ltr'>episcopus</span> <span class='ocrx_word' id='word_1_261' title='bbox 780 4115 948 4178; x_wconf 89' lang='lat' dir='ltr'>consensi.</span> <span class='ocrx_word' id='word_1_262' title='bbox 1007 4117 1046 4196; x_wconf 55' lang='grc' dir='ltr'>ᾧ</span> <span class='ocrx_word' id='word_1_263' title='bbox 1070 4113 1147 4196; x_wconf 87' lang='lat' dir='ltr'>Ego</span> <span class='ocrx_word' id='word_1_264' title='bbox 1167 4117 1264 4182; x_wconf 85' lang='lat' dir='ltr'>Rod-</span> 
     </span>
    </p>
   </div>
   <div class='ocr_carea' id='block_1_4' title="bbox 0 0 1456 4890">
    <p class='ocr_par' dir='ltr' id='par_1_5' title="bbox 0 0 1456 4890">
     <span class='ocr_line' id='line_1_38' title="bbox 0 0 1456 4890; baseline 0 0"><span class='ocrx_word' id='word_1_265' title='bbox 0 0 1456 4890; x_wconf 95' lang='lat' dir='ltr'> </span> 
     </span>
    </p>
   </div>
  </div>
 </body>
</html>
