2880 4874
455 374 629 424 casuras
650 375 992 428 aucnosaxomean.
1213 367 1255 430 71

203 528 245 610 ›1‹
267 526 345 611 Ego
362 528 552 595 AElfweard
574 533 765 616 episcopus.
824 535 959 616 »augo
976 533 1146 600 Godwine
1168 536 1251 601 dux.

203 628 244 709 ᾧ
264 628 342 712 Ego
367 629 505 695 Leofric
521 631 604 696 dux.
660 635 700 716 ›1‹
716 633 793 714 Ego
815 633 951 698 Harald
973 636 1056 700 dux.
1112 637 1152 718 *1⁴
1176 638 1253 719 Ego

196 724 368 794 Godwine
385 731 503 795 abbas.
553 733 593 814 ›1‹
611 732 686 815 Ego
701 732 826 797 AElsric
844 735 962 798 abbas.
1012 738 1052 819 ›1‹
1069 736 1146 818 Ego
1161 737 1252 800 AElf-

195 826 287 893 wine
309 829 429 894 abbas.
496 832 536 913 ›1‹
555 832 632 913 Ego
649 833 844 897 AEttelwine
868 835 1041 899 sacerdos.
1112 840 1151 917 ›1‹
1174 836 1251 920 Ego

199 924 347 993 Eatstan
358 930 531 995 sacerdos.
581 933 621 1014 ›1‹
639 933 716 1014 Ego
733 933 875 998 Wulfwi
891 936 1063 999 sacerdos.
1121 937 1252 1019 ›14Ego

196 1026 412 1094 wulfweard
429 1030 601 1095 sacerdos.
657 1033 697 1114 ›1‹
718 1033 794 1114 Ego
809 1034 961 1099 Wilstan
977 1035 1149 1100 sacerdos.
1205 1038 1245 1119 *1⁴

195 1126 276 1210 Ego
290 1126 469 1194 Wnlsstun
483 1131 656 1196 sacerdos.
712 1133 752 1214 *1⁴
775 1134 851 1215 Ego
874 1133 1049 1199 Leoswine
1071 1134 1248 1201 diaconus.

201 1227 243 1309 ›1‹
261 1227 341 1311 Ego
363 1228 486 1295 Eadwi
514 1231 691 1296 diaconus
746 1236 787 1313 ›1‹
810 1235 886 1314 Ego
913 1234 1015 1299 Odda
1037 1236 1146 1299 miles.
1203 1238 1243 1319 ›1‹

197 1326 276 1409 Ego
291 1327 455 1411 Byrhtric
473 1331 581 1395 miles
637 1334 677 1415 »1⁴
700 1333 777 1415 Ego
799 1334 924 1397 AElfric
947 1335 1055 1398 miles.
1112 1337 1152 1418 ›1‹
1172 1336 1249 1416 Ego

200 1426 361 1511 Byrhtric
372 1431 480 1495 miles.
537 1433 577 1514 ›1‹
592 1431 669 1512 Ego
684 1433 886 1517 Bryhtwine
895 1434 1057 1499 minister.
1114 1436 1154 1517 »1⁴
1171 1435 1248 1517 Ego

195 1526 333 1593 Iacofric
350 1531 518 1595 minister.
575 1533 615 1614 »1⁴
629 1532 707 1613 Ego
726 1533 879 1598 AEoelric
893 1534 1059 1599 minister.
1115 1537 1155 1618 ›1‹
1171 1535 1248 1616 Ego

194 1626 322 1693 Dodda
341 1629 509 1698 minister.
582 1633 622 1714 ›1‹
644 1631 720 1714 Ego
739 1632 864 1698 Atsero
880 1634 1045 1698 minister.
1107 1637 1146 1714 ›1‹
1170 1636 1246 1716 Ego

194 1726 322 1792 AElswi
346 1730 515 1796 minister.
570 1734 610 1815 ›1‹
634 1731 710 1813 Ego
736 1733 858 1798 Eadwi
882 1735 1049 1799 minister.
1106 1736 1146 1817 ›1‹
1171 1736 1246 1816 Ego

196 1826 283 1891 Duri
313 1828 480 1895 minister.
547 1833 587 1914 ,χι
614 1831 692 1914 Ego
721 1834 850 1916 Wigod
884 1835 1048 1899 minister.
1105 1838 1146 1915 ›1‹
1169 1836 1245 1918 Ego

192 1926 324 1992 Godric
339 1929 505 1995 minister.

667 2069 788 2081 Q

609 2225 831 2291 DCGLXV.

552 2373 762 2451 LYFING,
779 2372 877 2438 1042.

245 2525 285 2606 ›1‹
310 2523 419 2589 Aureo
451 2524 643 2589 dominicae
678 2522 926 2587 incarnationis
958 2537 1105 2587 naxnn.
1135 2522 1243 2587 indic-

193 2623 288 2688 tione
315 2641 366 2689 .x.
432 2624 508 2706 Ego
539 2624 665 2707 Lyfing
698 2624 839 2707 superni
878 2623 1021 2687 rectoris
1054 2622 1162 2687 fultus
1193 2625 1245 2686 iu·

192 2725 330 2788 numine
352 2724 503 2807 praesul,
525 2744 604 2788 cum
626 2725 765 2788 licentia
789 2722 1027 2788 Heardacnuti
1053 2725 1145 2805 regis
1168 2723 1242 2788 An-

192 2823 341 2905 giorum,
366 2845 407 2888 ac
434 2844 605 2889 consensu
632 2825 779 2889 Leofrici
812 2824 909 2888 ducis
936 2823 1157 2902 Merciorum,
1183 2826 1244 2889 uni

192 2942 269 2987 meo
294 2924 386 2988 fideli
411 2925 472 3008 qui
498 2945 521 2989 a
546 2926 712 3006 gnosticis
739 2932 823 2990 noto
845 2923 999 2988 AEoelric
1023 2932 1244 3008 nuncupatur

193 3025 375 3102 uocabulo,
402 3026 447 3089 ob
478 3026 553 3089 eius
589 3025 687 3089 fidele
710 3025 922 3107 obsequium,
946 3024 1120 3106 quandam
1153 3026 1243 3089 ruris

191 3124 398 3206 particulam
435 3143 495 3190 .v1.
527 3125 689 3191 uidelicet
713 3144 867 3202 mansas,
890 3125 982 3206 quod
1013 3125 1116 3189 solito
1146 3126 1242 3189 uoci·

191 3231 287 3288 tatur
319 3226 457 3289 nominc
489 3226 714 3307 Beonetleag,
743 3245 822 3288 cum
852 3224 1011 3288 omnibus
1037 3222 1082 3286 ad
1112 3243 1150 3289 se
1178 3224 1242 3289 rite

190 3325 443 3406 pcrtinentibus
459 3325 648 3390 liberaliter
669 3324 837 3400 concessi,
861 3330 902 3386 ut
924 3324 999 3404 ipsc
1021 3323 1094 3386 uita
1116 3324 1242 3388 comite

190 3423 338 3489 fideliter
371 3425 587 3509 perfruatur;
623 3432 659 3489 et
695 3432 776 3508 post
808 3423 902 3487 uitae
940 3441 1025 3485 suae
1058 3422 1241 3486 terminum

189 3522 325 3589 duobus
341 3527 466 3609 quibus
483 3526 630 3590 uoluerit
641 3525 846 3589 cleronomis
857 3523 1092 3604 derelinquat3
1115 3521 1240 3604 quibus

187 3624 291 3689 etiam
316 3645 358 3689 ex
383 3626 455 3701 hac,
474 3627 550 3691 uita
572 3626 729 3708 migratis
751 3644 810 3689 rus
833 3623 1047 3706 praedictum
1069 3641 1147 3686 cum
1170 3641 1241 3686 om-

189 3723 290 3790 nibus
315 3726 518 3790 utensilibus
540 3726 585 3790 ad
611 3746 711 3790 nsum
733 3725 890 3808 primatis
913 3723 1101 3789 aecclesiae
1124 3721 1178 3785 dei
1203 3724 1239 3786 in

188 3823 517 3907 Wiogornaceastre
540 3827 744 3892 restituatur
759 3825 907 3890 inmune.
959 3824 1022 3887 Dis
1044 3822 1179 3907 syndon
1197 3822 1240 3887 da

187 3916 422 4007 landgemffiru
445 3917 483 3992 t6
506 3913 775 4007 Beonetlefihge.
827 3924 879 3988 Ol
900 3912 1034 3988 Sffifern
1062 3923 1097 3987 in
1121 3923 1237 3997 Baele;

185 4025 342 4108 andlang
369 4026 466 4091 Baelo
494 4028 531 4090 in
563 4017 761 4103 Fsrlebr603
796 4022 838 4089 of
862 4012 1057 4089 Ffilebrocc
1084 4022 1120 4086 in
1147 4022 1240 4087 Siht·

187 4124 289 4209 lyr&
314 4127 355 4190 of
374 4125 527 4209 Sihtsyrd
552 4127 589 4191 in
603 4133 652 4192 'oa
678 4125 803 4189 ealdan
829 4113 913 4189 rods
932 4122 1120 4204 ;.andlang
1143 4111 1239 4188 ’deffere
