2902 4890
359 388 531 437 cunnrnu
554 387 896 437 nucnosnxourcnu.
1121 372 1166 438 33

514 645 763 713 DOCXLIII.

510 796 660 875 CNUT,
675 797 772 861 1026.

166 946 205 1027 ›1‹
229 943 314 1009 Cuu
333 945 451 1008 mundi
474 965 608 1023 cursus,
631 947 740 1023 uario,
763 953 803 1010 ut
829 944 955 1010 cotidie
979 946 1163 1022 cernimus,

110 1045 311 1127 incertoque
328 1045 523 1110 discrimine
544 1046 664 1110 tendat
685 1047 730 1110 ad
750 1047 890 1123 calcem,
913 1047 1037 1128 cuique
1056 1054 1161 1109 mort·

111 1146 215 1207 alium
245 1165 332 1227 opus
364 1153 417 1208 est
450 1154 491 1210 ut
522 1147 571 1210 sic
609 1147 774 1210 caducam
809 1154 954 1228 peragat
985 1147 1093 1209 uitam
1125 1153 1165 1209 ut

113 1244 318 1328 quandoque
341 1246 451 1326 possit
468 1245 524 1309 dei
550 1245 688 1310 adiutus
710 1246 875 1310 beneficio
892 1246 1067 1329 possidere
1089 1266 1164 1328 per-

112 1352 265 1426 petuam,
285 1353 320 1408 et
348 1343 510 1426 quamdiu
537 1346 631 1410 uitae
662 1347 761 1410 istius
792 1347 903 1410 utitur
930 1365 1016 1409 aura
1041 1352 1166 1410 cuncta

113 1463 203 1527 quae
224 1446 292 1508 isto
309 1451 511 1509 statuuntur
524 1446 696 1523 examine,
715 1447 818 1510 certis
835 1447 972 1528 apicum
991 1446 1091 1508 lineis
1114 1446 1168 1507 in-

113 1564 239 1620 serere,
257 1564 300 1608 ne
317 1544 405 1608 forte
423 1547 709 1628 subsequentibus
729 1546 870 1610 ueniant
894 1547 928 1608 in
947 1545 1165 1622 obliuionem,

113 1651 148 1708 et
165 1645 215 1708 sic
239 1663 260 1706 a
279 1644 469 1708 iunioribus
493 1646 763 1728 paruipendatur
784 1646 956 1709 institutio
981 1646 1165 1710 seniorum.

114 1742 336 1826 Quapropter
352 1765 416 1825 ego
434 1744 527 1808 Cnut
544 1766 607 1808 rex
625 1745 903 1809 subthronizatus
921 1742 1166 1826 Angligenum,

106 1842 250 1908 'cuidam
273 1864 349 1908 meo
371 1844 559 1909 uenerabili
584 1846 746 1928 episcopo
772 1846 936 1928 quincto
961 1846 1167 1910 uocitamine

114 1952 333 2025 nuncupatur
357 1944 488 2022 Lufinc,
515 1947 671 2009 condono
694 1947 730 2008 in
756 1954 917 2010 aeternae
944 1944 1168 2010 haereditatis

113 2044 179 2120 ius,
197 2044 370 2124 quandam
393 2045 526 2108 telluris
550 2045 766 2128 particulam,
788 2052 944 2109 cassatas
969 2045 1100 2108 scilicet
1123 2063 1167 2110 .v.

114 2144 148 2205 in
168 2144 244 2207 loco
261 2145 319 2206 ubi
335 2144 459 2208 dicitur
470 2145 605 2222 Wortii,
624 2153 664 2208 ut
680 2145 806 2209 habeat
822 2165 863 2208 ac
880 2144 1056 2227 possideat
1072 2165 1169 2226 prae-

115 2244 243 2307 dictam
249 2243 467 2309 donationem
479 2245 666 2309 secuudum
677 2264 787 2308 meam
800 2244 1169 2325 regalemdiguitatem,

117 2344 281 2426 quamdiu
297 2346 415 2418 uiuat;
436 2350 471 2407 et
489 2353 568 2426 post
590 2365 627 2408 se
644 2345 846 2426 cuicumque
864 2345 1011 2407 uoluerit
1029 2344 1169 2408 haeredi

117 2444 333 2525 derelinquat
344 2445 379 2506 in
391 2451 565 2508 aeternam
583 2444 841 2508 haereditatem.
874 2443 1095 2507 Praedictum
1109 2464 1172 2507 au-

117 2550 186 2607 tem
202 2544 456 2608 munificentiae
473 2545 600 2609 donum
618 2545 784 2607 mundiali
799 2545 881 2625 iugo
896 2544 1090 2607 libertatem
1108 2544 1171 2607 ha-

117 2644 198 2707 beat
222 2644 384 2726 quamdiu
400 2644 633 2708 christianitas
655 2645 692 2707 in
708 2652 811 2725 gente
824 2641 1017 2726 Anglorum
1036 2644 1170 2725 uigeat;

118 2742 181 2807 tali
196 2750 311 2809 autem
328 2752 444 2808 tenore
462 2744 639 2826 largiendo
656 2745 809 2809 concessi
826 2751 865 2807 ut
879 2744 994 2807 omnia
1011 2744 1174 2808 utensilia

118 2861 208 2925 quae
230 2843 402 2926 pertinere
431 2864 509 2908 cum
542 2846 747 2910 rectitudine
775 2845 1014 2920 dinoscuntur,
1038 2852 1109 2908 tam
1136 2845 1172 2908 in

118 2942 254 3024 magnis
270 2962 374 3026 quam
390 2945 426 3006 in
439 2944 581 3008 modicis
596 2947 709 3022 rebus,
725 2945 868 3027 campis,
883 2944 1034 3026 pascuis,
1050 2943 1174 3027 pratis,

119 3042 229 3119 siluis,
250 3051 397 3127 excepto
419 3044 495 3108 istis
517 3045 628 3108 tribus
652 3045 744 3127 quod
766 3044 992 3108 cdmmuniter
1013 3046 1173 3108 omnibus

118 3143 315 3210 condictum
333 3150 398 3222 est,
415 3145 646 3227 expeditione,
663 3143 779 3227 pontis
804 3144 938 3209 arcisue
953 3143 1174 3208 co-aedifica-

120 3245 226 3321 tione,
242 3242 368 3308 habeat
388 3252 423 3308 et
445 3245 620 3326 possideat
638 3264 716 3307 cum
736 3244 861 3306 mentis
883 3242 1063 3306 alacritate
1084 3244 1174 3306 sicut
1239 3233 1245 3244 ”

119 3344 276 3426 superius
290 3351 533 3426 praenotatum
551 3351 621 3423 est3
646 3343 890 3425 proscribimus
905 3349 1020 3404 autem
1035 3361 1096 3423 per
1111 3341 1174 3404 has

121 3443 237 3525 apices
269 3461 358 3524 quas
385 3444 631 3527 perpetualiter
660 3444 785 3506 liberas
817 3460 893 3505 esse
923 3442 1079 3523 cupimus
1096 3443 1174 3504 ‚sub

121 3543 344 3610 attestatione
376 3551 517 3607 sanctae
552 3551 588 3607 ct
623 3543 820 3606 indiuiduae
858 3540 1023 3605 trinitatis
1057 3560 1174 3604 omnes

121 3642 333 3725 antiquiores
350 3649 633 3707 testamentorum
648 3642 782 3707 litteras
799 3639 901 3705 huius
919 3641 1061 3724 praedii,
1078 3649 1114 3705 ct
1131 3642 1175 3705 ad

124 3741 287 3806 nichilum
316 3741 555 3824 dampnamus,
586 3745 655 3806 sint
690 3744 726 3806 iu
757 3742 991 3824 cuiuscunque
1018 3741 1177 3805 custodia

124 3843 184 3925 qui
200 3842 269 3907 sint
284 3842 342 3905 uel
358 3862 520 3925 umquam
535 3843 661 3908 fuerint
677 3851 842 3926 repertae.
892 3840 962 3920 Qui
978 3846 1092 3905 autem
1110 3840 1176 3905 hoc

123 3949 263 4006 nostrae
278 3942 531 4007 munificentiae
548 3943 676 4007 donum
693 3963 821 4024 augere
832 3941 993 4017 uoluerit,
1005 3939 1178 4022 adaugeat
1240 3970 1244 3975 ·

123 4042 175 4105 illi
189 4041 274 4106 deus
293 4042 421 4123 gaudia
437 4063 571 4126 semper
587 4063 760 4108 mansura.
811 4042 849 4105 Si
866 4042 944 4122 quis
968 4059 1063 4117 uero,
1085 4040 1177 4124 quod

124 4161 193 4207 uon
211 4149 384 4225 optamus,
399 4143 616 4208 bohemotico
633 4145 797 4208 instinctu
814 4148 968 4223 tempore
983 4142 1179 4214 succedenti

179 4257 265 4306 rou.
289 4258 336 4304 ιν.
847 4247 853 4268 ’
1007 4258 1029 4303 o
