2902 4890
387 391 558 440 cuunrnn
584 387 922 439 ancnosnxonrcnn.
1120 374 1165 437 21

486 646 805 712 cccxxxvii.

495 794 670 874 *cnun
688 794 784 860 1023.
876 891 878 895 s

166 945 206 1026 ›1‹
230 943 274 1010 Iu
293 943 430 1008 nomine
448 944 503 1008 dei
523 944 647 1008 summi
663 950 699 1008 et
715 943 900 1008 saluatoris
921 945 1032 1010 nostri
1059 944 1164 1012 Ihesu

114 1042 260 1109 Christi!
314 1044 427 1109 Certis
449 1044 776 1127 adstipulationibus
810 1064 875 1109 nos
902 1047 1014 1109 sancti
1046 1053 1164 1129 patres

113 1142 377 1227 frequentatiuis
401 1145 616 1209 orationibus
643 1144 840 1222 admonent,
865 1151 904 1209 ut
931 1145 1032 1209 deum
1061 1167 1164 1228 quem

114 1242 288 1326 diligimus
318 1252 353 1308 et
384 1246 553 1309 credimus
575 1244 698 1309 intima
728 1245 852 1308 mentis
878 1245 1058 1310 affectione
1086 1266 1164 1310 cum

112 1344 281 1408 bonorum
303 1365 444 1427 operum
461 1344 641 1426 diligentia
659 1345 873 1408 incessanter
887 1364 965 1408 eum
982 1346 1165 1410 timeamus

114 1452 149 1507 et
172 1463 337 1522 amemus,
355 1446 438 1527 quia
459 1445 716 1508 retributionem
740 1444 892 1508 omnium
921 1453 1061 1509 actuum
1084 1466 1164 1512 nos-

113 1549 245 1607 trorum
261 1545 297 1608 iu
318 1545 373 1609 die
387 1545 654 1609 examinationis
679 1545 780 1607 iuxta
803 1546 1073 1627 uniuscuiusque
1093 1549 1168 1610 me?

113 1643 217 1706 ritum
232 1645 367 1710 reddet!
420 1644 574 1727 Ideoque
595 1643 820 1707 subtilissima
837 1646 961 1708 mentis
976 1647 1166 1710 certatione

114 1742 210 1806 illum
232 1745 361 1808 imitari
381 1746 595 1826 satagamus,
616 1744 698 1807 licet
723 1744 878 1808 mortalis
902 1745 996 1808 uitae
1015 1746 1165 1827 pondere

115 1844 224 1925 pressi
242 1851 277 1908 et
293 1844 489 1908 labentibus
505 1845 607 1907 huius
625 1843 755 1908 saeculi
770 1845 1044 1927 possessionibus
1062 1847 1165 1910 simul

114 1943 409 2021 infoecati,tamen
425 1943 654 2008 miserationis
672 1944 746 2006 eius
763 1943 926 2025 largitate
939 1945 1078 2008 caducis
1095 1947 1168 2029 opi-

115 2044 178 2106 bus
197 2053 338 2108 aetema
357 2043 516 2108 coelestis
533 2045 626 2108 uitae
650 2044 804 2126 praemia
826 2046 970 2107 mercari
987 2064 1165 2127 queamus,

117 2141 338 2227 Quapropter
352 2164 417 2227 ego
435 2143 529 2208 Cnut
548 2144 666 2208 diuina
682 2143 822 2207 fauente
839 2145 953 2224 gratia
974 2144 1165 2226 Anglorum

116 2250 398 2326 caeterarumque
427 2244 657 2308 adiacentium
685 2244 875 2306 insularum
904 2243 1068 2320 basileuS,
1087 2265 1169 2326 pro-

115 2344 200 2426 priis
232 2346 391 2407 manibus
423 2345 508 2407 meis
542 2343 665 2425 capitis
697 2343 765 2404 mei
799 2343 971 2423 [auream]
1006 2363 1165 2408 coronam

116 2463 209 2525 pono
225 2463 329 2526 snper
351 2445 461 2508 altare
480 2443 610 2509 Christi
627 2444 662 2506 in
682 2442 898 2507 Dorobernia
913 2443 956 2506 ad
975 2463 1063 2526 opus
1080 2444 1168 2508 eius-

117 2543 193 2606 dem
210 2543 408 2621 aecclesiae,
422 2551 458 2607 et
475 2544 624 2607 concedo
642 2542 751 2606 eidem
770 2542 957 2606 aecclesiae
974 2542 1018 2606 ad
1035 2544 1165 2607 nictum

118 2643 362 2707 monachorum
393 2651 531 2727 portum
563 2644 605 2707 de
641 2642 816 2706 Sanduuic
839 2649 875 2707 et
897 2662 1015 2708 omnes
1049 2644 1165 2709 exitus

117 2743 267 2807 eiusdem
287 2763 398 2826 aquae
416 2746 459 2808 ab
475 2752 622 2825 utraque
636 2750 736 2825 parte
753 2742 904 2806 fluminis
921 2744 1169 2827 cuiuscumque

117 2851 211 2908 terra
227 2844 285 2920 sit,
302 2863 324 2908 a
341 2843 557 2926 Pipemaesse
578 2863 688 2925 usque
708 2843 751 2906 ad
770 2843 1044 2920 Mearcesfleote,
1061 2844 1112 2907 ita
1129 2853 1169 2909 ut

118 2950 261 3007 natante
290 2963 379 3007 naue
408 2946 443 3006 in
474 2944 615 3007 flumine
648 2963 725 3007 cum
758 2943 897 3024 plenum
928 2942 1032 3007 fuerit
1065 2963 1168 3026 quam

118 3043 255 3125 longius
281 3044 324 3108 de
354 3045 437 3108 naui
458 3050 575 3127 potest
601 3044 732 3108 securis
758 3043 905 3124 paruula
936 3062 1039 3127 quam
1060 3042 1169 3126 Angli

119 3151 248 3208 uocant
263 3151 446 3226 taper·eax
464 3151 710 3226 superterram
725 3143 858 3225 profici,
871 3143 1020 3206 ministri
1037 3144 1169 3207 aeccle·

119 3245 191 3307 siae
218 3242 347 3308 Christi
369 3245 591 3308 rectitudines
617 3244 799 3325 accipiant,
824 3243 1007 3324 nullusque
1029 3244 1170 3308 omnino

119 3343 221 3408 homo
245 3344 349 3408 habet
372 3345 523 3426 aliquam
544 3342 825 3406 consuetudinem
851 3343 886 3404 in
910 3342 1029 3404 eodem
1054 3349 1169 3424 portu,

119 3445 274 3527 exceptis
296 3444 472 3508 monachis
496 3442 684 3507 aecclesiae
705 3441 846 3506 Christi.
899 3442 1028 3506 Eorum
1053 3448 1169 3506 autem

121 3551 175 3608 est
192 3545 353 3608 nauicula
374 3551 407 3608 et
431 3542 668 3608 transfretatio
691 3549 813 3626 portus
830 3550 865 3606 et
881 3542 1079 3606 theloneum
1098 3561 1172 3606 om-

121 3645 214 3708 nium
233 3645 374 3708 nauium
401 3645 646 3727 cuiuscumque
668 3643 715 3707 sit
741 3651 776 3706 et
798 3643 1036 3725 undecumque
1052 3643 1172 3705 ueniat

121 3763 212 3826 quae
228 3745 271 3808 ad
289 3744 503 3827 praedictum
526 3750 663 3827 portum
686 3750 722 3808 et
744 3743 787 3807 ad
805 3742 978 3806 Sanduuic
1003 3743 1171 3806 uenerint.

123 3844 260 3926 Siquid
280 3853 395 3908 autem
419 3845 454 3907 in
480 3864 606 3926 magno
623 3844 709 3907 mari
731 3849 833 3907 extra
847 3851 986 3925 portum
1005 3849 1172 3925 quantum

121 3963 216 4007 mare
227 3944 305 4026 plus
322 3964 359 4008 se
372 3946 568 4022 retraxerit,
579 3952 614 4008 et
627 3944 738 4008 adhuc
756 3951 891 4007 statura
907 3943 1008 4005 unius
1025 3942 1172 4006 hominis

123 4046 273 4109 tenentis
295 4044 428 4126 lignum
453 4045 543 4127 quod
560 4044 668 4126 Angli
691 4045 871 4107 nominant
891 4050 1009 4125 spreot
1036 4050 1070 4106 et
1098 4050 1171 4112 ten·

124 4145 236 4209 dentis
255 4153 335 4209 ante
350 4165 387 4208 se
400 4152 566 4227 quantum
585 4152 711 4228 potest,
723 4143 966 4211 monachorum
977 4150 1041 4207 est.
1067 4141 1173 4221 Quic-
