2902 4890
453 384 628 439 ,εττττττττ
651 383 993 434 ancnosnxomoun.
1206 367 1251 432 95

195 549 352 608 nostrum
387 541 589 607 donatiuum
621 542 749 624 iugiter
783 550 923 608 maneat
961 543 1152 608 subiectum
1186 543 1247 607 illo

195 651 318 708 sancto
338 644 560 721 monasterio,
577 643 671 726 quod
691 643 795 708 solito
813 643 1011 709 uocitabulo
1032 645 1245 714 nominatum

194 751 251 808 cst
273 743 570 820 Uetustissimum,
593 743 754 829 quodque
776 743 960 808 inhonore
982 751 1124 808 sanctae
1148 744 1247 808 trini·

196 843 280 908 tatis
312 851 366 909 est
395 843 590 908 dedicatum
623 843 667 908 ad
699 844 976 926 supradictorum
1011 844 1247 927 apostolorum

193 945 407 1022 memoriam,
425 951 465 1008 ut
487 964 549 1027 per
571 944 757 1008 eorundem
779 943 1014 1027 apostolorum
1038 943 1246 1008 adiutorium

195 1063 329 1109 merear
343 1045 506 1126 consequi
521 1045 658 1108 ueniam
674 1043 891 1122 delictorum,
904 1051 939 1108 et
950 1045 1101 1126 aliquam
1113 1051 1247 1127 partem

194 1151 414 1208 astomorum
446 1144 663 1226 gaudiorum.
729 1144 874 1230 Maneat
903 1145 1010 1226 igitur
1041 1145 1106 1209 hoc
1135 1165 1247 1208 meum

194 1243 394 1326 largifluum
426 1244 553 1309 donum
584 1251 725 1308 aeterna
754 1244 914 1308 libertate
942 1245 1137 1320 iocundum,
1170 1263 1247 1308 curn

195 1344 355 1408 omnibus
373 1345 417 1408 ad
432 1364 470 1408 se
484 1345 549 1409 rite
564 1343 826 1427 pertinentibus
841 1345 991 1427 pascuis,
1003 1345 1122 1426 pratis,
1140 1363 1247 1426 aqua·

195 1464 274 1508 rum
286 1445 419 1522 riuulis,
433 1445 668 1526 siluarumque
678 1444 918 1520 densitatibus,
931 1452 1078 1526 excepto
1095 1453 1247 1509 tantum-

195 1544 299 1608 modo
321 1545 494 1608 communi
516 1545 668 1608 omnium
689 1544 819 1621 labore,
846 1545 946 1620 arciS,
968 1544 1141 1621 uidelicet,
1165 1565 1246 1608 con-

195 1645 398 1720 structione,
421 1643 583 1727 pontisne
604 1644 877 1725 recuperatione,
900 1664 1033 1708 necnon
1055 1649 1090 1708 et
1107 1645 1246 1726 expedi-

195 1744 290 1825 tione
312 1752 435 1810 contra
462 1743 579 1808 hostes
605 1744 750 1825 patriae.
797 1742 1004 1826 Quicunque
1028 1745 1135 1826 igitur
1158 1745 1247 1810 hanc

196 1852 350 1908 nostram
376 1863 504 1925 augere
527 1844 675 1908 uoluerit
700 1844 921 1907 elemosinam
949 1844 993 1908 ad
1023 1843 1184 1908 honorem
1213 1853 1248 1910 et

195 1944 397 2008 memoriam
411 1944 687 2028 supradictorum
702 1944 949 2025 apostolorum,
963 1944 1018 2008 hic
1032 1952 1067 2009 et
1081 1945 1117 2007 in
1132 1945 1247 2009 futuro

195 2053 400 2109 cunctorum
434 2045 578 2127 recipiat
615 2044 826 2107 incrementa
858 2046 1025 2109 bonorum
1062 2045 1245 2109 eorundem

195 2149 395 2208 sanctorum
415 2145 573 2226 precibus
588 2144 834 2226 apostolorum.
886 2145 933 2208 Et
956 2145 986 2207 si
1002 2143 1139 2225 aliquis,
1155 2144 1246 2226 quod

196 2243 300 2320 absit,
312 2243 480 2308 diabolico
496 2243 637 2307 inflatus
650 2245 772 2326 spiritu
789 2244 878 2306 hanc
891 2244 980 2307 ruris
993 2245 1246 2325 partiunculam

196 2362 218 2407 a
232 2344 434 2426 supradicto
445 2343 596 2408 Uetusto
610 2345 878 2425 praesumpserit
893 2344 1013 2408 tollere
1025 2345 1246 2421 monasterie,

195 2445 515 2508 excommunicatus
530 2444 577 2507 sit
590 2463 612 2506 a
624 2444 762 2508 domino
775 2443 880 2506 Ihesu
893 2442 1031 2507 Christo
1043 2451 1078 2508 et
1090 2445 1247 2508 omnibus

196 2544 328 2608 sanctis
349 2545 422 2608 eius
441 2562 518 2608 cum
544 2543 634 2606 Iuda
656 2544 832 2626 proditore
853 2543 983 2609 domini
1006 2545 1114 2608 nostri
1141 2544 1244 2608 Ihesu

198 2641 337 2711 Christi
349 2643 547 2719 saluatoriS,
564 2649 600 2706 et
615 2663 693 2708 cum
712 2644 903 2708 miserrimo
928 2643 1045 2707 Pilato
1067 2645 1245 2728 suppliciis

197 2743 383 2826 deputetur
404 2743 640 2820 infernalibus,
662 2744 728 2807 nisi
753 2744 1061 2824 praeuaricationis
1084 2764 1166 2808 suae
1189 2766 1246 2808 ne-

196 2843 342 2926 quitiam
381 2843 487 2924 digna
530 2843 768 2907 satisfactione
802 2844 883 2907 dum
919 2850 1024 2907 uacat
1058 2845 1248 2910 aboleuerit

196 2944 413 3025 quantocius.
465 2941 632 3033 circuitio
656 2943 764 3024 igitur
787 2943 1007 3025 supradictae
1033 2945 1166 3009 telluris
1186 2945 1248 3010 his

197 3044 471 3125 circumgyratur
501 3042 677 3106 limitibus.
746 3044 809 3106 Dis
829 3044 917 3126 synd
940 3042 984 3106 lia
1012 3035 1247 3127 landgemffiro

196 3131 234 3206 to
256 3129 438 3206 stinham.
491 3143 610 3206 AErest
639 3162 684 3206 on
715 3143 915 3225 swaeseting
940 3146 1061 3226 wylle;
1096 3146 1248 3226 andlang

196 3228 375 3306 streamaes
393 3233 466 3325 fipp
483 3262 528 3306 on
543 3247 617 3306 tiaes
630 3242 759 3324 cingaes
778 3233 889 3320 τῶττε,
902 3243 1054 3325 andlang
1072 3233 1185 3306 τῶττῶ
1202 3264 1247 3308 on

157 3418 159 3423 λ
195 3346 242 3406 da
263 3342 389 3405 ealdan
413 3339 564 3421 Icenan;
587 3342 628 3406 of
640 3332 735 3406 δῶτε
753 3343 876 3406 ealdan
896 3342 1024 3407 Icenan
1045 3363 1089 3408 on
1110 3334 1246 3425 fifwyrd

195 3445 298 3506 donae
315 3443 435 3506 orcerd
454 3462 499 3506 on
515 3448 563 3507 iia
580 3443 695 3506 niwan
713 3443 771 3520 eri,
796 3442 836 3507 of
855 3431 946 3505 δῶτε
968 3443 1083 3507 niwan
1106 3430 1148 3506 εῶ
1164 3443 1247 3506 and-

195 3539 281 3622 lang
306 3560 452 3607 mearcae
486 3561 531 3605 on
561 3539 605 3606 da
636 3530 845 3625 lampyttas3
877 3542 918 3606 of
940 3532 1017 3606 dam
1051 3529 1246 3624 lampyttan

196 3639 349 3722 ondlang
369 3660 505 3706 mearce
526 3661 571 3705 on
594 3642 741 3706 waddan
758 3649 874 3715 stoce;
903 3642 944 3706 of
962 3642 1111 3706 waddan
1132 3650 1248 3706 stocce

197 3740 350 3823 andlang
367 3760 501 3806 mearco
516 3761 562 3805 on
576 3746 677 3805 δῶτε
694 3732 826 3806 hwiton
843 3729 943 3814 stam
968 3743 1008 3807 of
1018 3742 1098 3807 atam
1115 3731 1247 3806 hwitan

197 3840 294 3904 stine
320 3841 474 3923 andlang
501 3860 635 3905 mearco
657 3861 700 3905 on
719 3831 876 3919 wiennae
900 3847 947 3905 aet
966 3841 1081 3905 midne
1098 3841 1244 3915 stream3

196 3939 349 4021 ondlang
364 3928 531 4005 streames
554 3931 627 4022 fipp
645 3960 689 4004 on
705 3937 749 4003 lla
770 3940 863 4019 lace3
890 3941 931 4004 of
946 3929 1041 4004 δῶτε
1064 3941 1139 4004 lace
1161 3941 1246 4004 and-

195 4038 278 4121 lang
304 4057 439 4104 mearce
466 4030 504 4104 td
538 4047 747 4120 aecergeate;
788 4041 828 4104 of
854 4047 1044 4121 aecergeate
1072 4060 1116 4104 on
1144 4039 1247 4104 holan

195 4128 301 4217 brom
332 4139 484 4221 andlang
508 4130 629 4203 broces
656 4160 701 4203 on
729 4147 845 4222 portes
873 4140 974 4204 wuda
1000 4138 1247 4226 nordewyrdan
