2902 4890
459 359 633 409 ouaarrn
655 359 997 411 ruonosrxorucsn.
1188 348 1252 412 141

196 517 347 595 nomine,
373 523 503 582 terram
530 518 637 583 trium
661 525 878 583 cassatorum
901 519 993 602 apud
1023 518 1251 600 Cundicotan,

190 635 273 680 cum
289 617 443 682 eiusdem
456 618 657 683 monasterii
669 620 818 700 pecunia
832 618 968 698 emisse,
985 627 1020 684 et
1036 620 1132 685 illam
1149 629 1250 704 post·

195 718 336 782 modum
358 718 404 783 ad
425 737 510 783 usus
528 718 673 782 fratrum
691 718 755 783 deo
777 719 904 783 ibidem
926 720 1149 785 seruientium
1172 722 1251 786 red·

196 816 337 883 didisse.
400 818 442 883 In
467 838 548 902 qno,
566 817 739 896 uidelicet,
764 821 974 885 monasterio
1003 820 1112 885 lilium
1140 822 1250 905 ipsius

197 915 345 995 Ordrici,
374 939 439 1002 pro
469 919 619 983 remedio
651 919 844 983 animarum
874 939 1028 998 suarum,
1058 921 1123 986 deo
1156 943 1250 987 com-

196 1018 416 1095 mendauere‚
436 1025 474 1084 et
496 1017 724 1083 monachilem
749 1020 924 1102 suscipere
950 1020 1104 1084 habitum
1128 1022 1250 1088 fecere.

196 1116 274 1183 Nec
295 1118 406 1183 multo
425 1125 518 1202 post,
534 1119 625 1184 idem
642 1117 821 1194 Ordricus,
838 1119 956 1183 diuina
974 1121 1039 1183 sibi
1059 1121 1250 1204 inspirante

195 1220 322 1301 gratia,
352 1219 482 1283 relictis
514 1239 604 1302 quae
635 1218 672 1282 in
703 1218 831 1283 mundo
865 1220 1076 1301 possidebat,
1111 1231 1252 1288 sanctae

194 1319 441 1384 monachorum
472 1320 613 1402 regulae
648 1337 686 1383 se
716 1324 827 1383 totum
859 1325 974 1384 mente
1002 1320 1129 1385 deuota
1168 1325 1250 1387 sub·

194 1420 348 1485 iiciebat.

251 1522 292 1603 »14
315 1521 391 1602 Ego
408 1520 623 1585 Eadwardus
645 1539 708 1583 rex
732 1517 927 1600 Anglorum
953 1521 997 1585 ad
1020 1522 1251 1588 confirmatio·

195 1640 274 1685 nem
292 1640 486 1685 sermonum
502 1620 647 1684 istorum
663 1620 800 1701 signum
815 1632 957 1685 sanctae
971 1624 1082 1686 crucis
1098 1623 1249 1705 impono.

201 1723 242 1804 »14
269 1721 347 1804 Ego
375 1720 513 1802 Eadgiit
544 1721 664 1802 regina
695 1720 884 1785 consentio.
959 1724 997 1805 »14
1032 1722 1108 1804 Ego
1136 1723 1250 1806 Kynsi

194 1821 483 1904 archiepiscopus.
557 1822 596 1902 »14
624 1821 700 1902 Ego
718 1820 910 1884 Ealdredus
935 1823 1128 1906 episcopus.
1204 1825 1243 1904 »14

196 1921 272 2004 Ego
298 1922 423 1986 Duduc
451 1920 644 2004 episcopus.
711 1921 750 2002 »14
772 1921 848 2001 Ego
866 1921 988 1986 Manni
1017 1924 1135 1988 abbas,
1205 1926 1244 2005 »14

195 2021 271 2103 Ego
283 2021 449 2085 AElfricus
464 2022 582 2085 abbas.
640 2023 678 2102 »14
689 2020 767 2102 Ego
781 2019 972 2085 Godwinus
990 2021 1073 2086 dux.
1124 2023 1249 2105 ›14Eg0

196 2121 374 2186 Leofricus
407 2121 490 2184 dux.
555 2120 692 2203 ›14Eg0
710 2121 940 2203 AEgeluuinus
972 2122 1134 2185 decanus
1205 2125 1243 2206 »14

196 2221 271 2304 Ego
289 2222 484 2287 Wilstanns
508 2221 707 2285 monachus.
778 2223 816 2304 »14
840 2221 916 2302 Ego
934 2221 1137 2286 Wulstanus
1154 2241 1248 2285 mon-

195 2322 312 2388 achus.
385 2322 425 2403 »14
447 2322 523 2402 Ego
538 2322 707 2384 Britricus
722 2321 887 2384 minister.
954 2322 1248 2404 ›14Eg00segod

194 2423 360 2486 minister.
428 2422 566 2505 »14Εςο
583 2420 758 2485 Orduuius
777 2420 941 2485 minister.
999 2424 1038 2505 »14
1062 2423 1137 2505 Ego
1154 2421 1250 2487 Azor

196 2523 363 2588 minister.
420 2523 459 2604 »14
483 2522 558 2604 Ego
573 2521 775 2604 Kyneward
793 2521 958 2587 minister.

606 2820 847 2886 nocuum.

514 2938 816 3050 sluwsusu,
839 2973 934 3036 roco.

250 3127 288 3208 »14
315 3123 490 3188 Oroursr
513 3142 575 3187 nos
598 3143 685 3205 quos
708 3124 792 3187 deus
818 3124 985 3205 praefecit
1013 3127 1249 3207 temporaliter

195 3232 346 3290 rectores
367 3224 497 3306 populo
525 3243 589 3288 suo
615 3223 658 3287 ad
683 3243 800 3287 omnes
819 3223 932 3287 facere
951 3224 1134 3302 iusticiam,
1152 3246 1247 3289 max·

194 3326 262 3391 ime
283 3331 399 3388 autem
425 3324 468 3388 ad
492 3335 638 3388 matrem
660 3331 798 3388 nostrae
821 3323 943 3388 salutis
961 3323 1163 3387 aecclesiam
1187 3347 1248 3409 per

194 3444 300 3508 quam
314 3424 494 3488 christiani
510 3424 594 3488 facti
608 3425 848 3506 perueniamus
866 3422 909 3486 ad
929 3430 1103 3487 aeternam
1119 3424 1248 3489 domini

193 3525 461 3590 misericordiam
479 3526 538 3607 qui
559 3524 725 3588 iudicabit
746 3543 845 3606 reges
862 3532 987 3601 terrae,
1009 3531 1044 3588 et
1059 3526 1248 3589 secundum

194 3645 301 3709 opera
327 3638 393 3689 sua
418 3625 539 3690 reddet
563 3625 769 3707 unicuique!
833 3624 1054 3707 Quapropter
1071 3644 1135 3706 ego
1154 3626 1247 3689 Ead-

195 3726 348 3791 uuardus
371 3745 434 3789 rex
455 3722 649 3807 Anglorum
677 3744 740 3806 pro
766 3724 850 3788 uilla
867 3724 1075 3789 Fiskertuna
1102 3726 1185 3790 data
1211 3727 1247 3789 in

195 3825 312 3891 Burch
329 3831 451 3889 sancto
467 3824 585 3904 Petro,
602 3825 704 3889 iubeo
724 3824 797 3888 fieri
815 3831 955 3889 nostrae
977 3825 1246 3890 confirmationis

195 3933 440 3993 testamentum
470 3933 593 3990 contra
614 3945 762 4000 omnem,
785 3924 928 4001 scilicet,
951 3924 1158 3988 calumniam
1181 3927 1247 3990 ini-

194 4047 353 4112 quorum.
406 4026 511 4093 Hanc
529 4026 657 4108 quippe
674 4024 793 4089 uillam
808 4044 884 4087 oum
902 4023 1083 4106 Leosgyua
1097 4024 1248 4091 foemina

194 4127 397 4193 Lundonica
419 4125 562 4191 haberet
577 4125 717 4189 omnino
735 4125 908 4207 propriam
930 4131 966 4188 et
984 4125 1124 4190 liberam
1144 4129 1246 4193 beato
