2902 4890
479 359 652 410 eunome
676 362 1020 419 nnonosnxomcnn.
1210 357 1302 423 277Ὶ

611 619 892 687 ΒΕΟΟΟΧΙιΙ.ι

649 770 842 838 LIFING.

272 923 311 1004 ›1‹
333 919 409 984 Eoo
427 920 595 1002 Liuingus
621 921 803 1003 episcopus
827 925 1008 989 manifesto
1031 927 1066 990 in
1089 925 1157 993 isto
1173 931 1269 994 breui

217 1028 339 1086 testem
365 1041 420 1083 me
443 1040 518 1085 esse
534 1019 626 1104 quod
646 1021 858 1086 Eadwardus
885 1045 948 1088 rex
965 1029 1139 1092 consensit
1161 1029 1268 1095 dona-

216 1122 300 1186 tioni
329 1122 423 1185 illius
451 1131 562 1185 terrae
593 1121 634 1184 ad
664 1121 873 1200 Heamtnne,
891 1144 995 1207 quam
1023 1146 1138 1191 comes
1164 1129 1266 1194 Leos-

213 1223 304 1285 -rieus
327 1215 511 1304 principaii
528 1222 737 1285 monasterio
755 1222 986 1289 Eoueshamio
1001 1229 1171 1293 concessit
1187 1250 1265 1295 cum

213 1322 306 1386 uictu
330 1330 366 1386 et
392 1341 470 1385 oum
497 1321 701 1399 hominibus,
716 1342 793 1386 cum
820 1343 902 1388 saca
927 1333 962 1390 et
987 1346 1063 1391 cum
1090 1348 1206 1409 soene,
1230 1339 1265 1397 et

213 1421 290 1486 cum
319 1422 478 1485 omnibus
502 1423 539 1485 in
560 1423 685 1504 quibus
707 1430 841 1488 constat
862 1426 1062 1490 mandatum
1089 1429 1200 1511 regis3
1229 1414 1264 1497 et

213 1523 320 1587 abbas
342 1524 451 1605 ipsius
475 1523 676 1587 monasterii
697 1521 782 1586 nulli
806 1523 935 1590 homini
958 1527 994 1590 in
1020 1527 1144 1611 aliquo
1158 1549 1264 1598 causa

211 1623 253 1687 de
281 1625 360 1706 ipsa
378 1624 480 1686 'terra
505 1624 711 1705 respondeat
733 1623 800 1686 nisi
825 1626 898 1706 regi
918 1627 1059 1710 suisque
1076 1630 1264 1714 subsequa.

184 1723 188 1731 ’
210 1724 318 1788 cibus.
370 1718 485 1787 Etiam
509 1743 572 1787 rex
595 1724 671 1789 uult
686 1730 725 1788 ut
742 1731 883 1788 sanctus
898 1725 994 1791 locus
1016 1729 1143 1794 habeat
1157 1731 1261 1797 liber·

210 1831 316 1888 tatem
345 1843 443 1888 suam
477 1824 527 1887 ita
560 1825 707 1906 pleniter
733 1825 824 1890 sicut
854 1827 1019 1910 scriptum
1048 1836 1102 1892 est
1126 1830 1160 1892 in
1187 1833 1261 1898 uita

209 1920 320 1989 sancti
348 1924 506 2006 Ecguini,
530 1931 565 1988 et
588 1932 628 1988 ut
654 1925 769 1988 nullus
786 1915 962 1991 hominum
980 1928 1031 1992 itu
1059 1929 1105 1992 sit
1130 1931 1258 2012 audax,

208 2044 319 2108 neque
348 2026 528 2107 episeopus
558 2045 669 2109 neque
697 2045 810 2089 comes
835 2034 897 2090 aut
925 2028 1117 2094 uicecomes
1145 2050 1257 2114 neque

208 2126 354 2190 alicuius
380 2145 559 2208 personae,
584 2133 623 2190 ut
650 2124 743 2188 istud
767 2127 969 2191 mandatum
996 2127 1143 2210 frangat,
1170 2139 1205 2195 et
1229 2135 1260 2197 si

206 2226 320 2309 aliqus
344 2223 427 2289 facit
441 2226 764 2289 excommunicetur.
811 2225 911 2290 Istud
929 2232 1040 2292 totum
1057 2228 1186 2293 iactum
1205 2240 1259 2297 est

206 2325 250 2390 ad
279 2325 398 2390 uillam
424 2326 561 2389 nomine
587 2325 796 2391 Bedewinde
822 2327 858 2389 in
885 2346 1022 2392 camera
1046 2330 1148 2411 regis.
1211 2332 1258 2398 Et

205 2427 279 2510 ipse
300 2445 361 2490 rex
380 2424 558 2490 mandauit
575 2427 656 2489 mihi
673 2434 713 2490 ut
730 2447 795 2508 ego
811 2427 980 2492 firmarem
1002 2430 1095 2494 istud
1113 2440 1257 2514 propter

206 2528 437 2591 testimonium
467 2546 544 2589 cum
568 2546 643 2590 meo
667 2529 764 2591 breui
790 2535 894 2610 atque
919 2529 1034 2610 sigillo
1061 2531 1105 2593 ad
1134 2551 1256 2598 manus

203 2628 331 2693 domini
347 2626 483 2691 abbatis
502 2627 634 2704 Manui,
658 2627 757 2691 etsie
774 2628 852 2707 feci,
870 2630 1017 2694 testibus
1042 2630 1254 2713 sapientibus

202 2726 395 2793 hominibus
411 2728 471 2815 qui
488 2748 564 2792 cum
582 2747 663 2810 rege
678 2727 827 2794 fuerunt.

541 2976 545 2982 ’
585 2959 875 3025 DCCCCXLII.

649 3100 797 3166 ORcY.

253 3249 292 3330 ›1‹
313 3245 400 3310 Hun
420 3251 487 3328 oy'o
504 3264 549 3309 on
564 3243 677 3338 pisum
694 3242 837 3324 gewrite
852 3242 876 3328 ti
891 3261 973 3324 orcy
988 3241 1086 3307 haefu
1101 3237 1249 3329 gegyfen

196 3345 251 3440 pae
278 3346 405 3430 gegyld
429 3345 540 3409 healle
564 3344 689 3439 7p0ne
711 3343 808 3407 stede
830 3350 877 3407 aet
892 3343 1146 3428 abbodesbyrig
1162 3346 1251 3428 gode

197 3430 326 3512 tolose
347 3469 369 3537 7
394 3447 452 3509 sie
474 3452 588 3528 petre.
611 3443 727 3538 7pam
754 3443 932 3526 gyldscipe
959 3450 995 3507 to
1022 3463 1175 3526 agenne.
1206 3468 1251 3512 on

198 3546 295 3629 daege
309 3570 332 3638 7
347 3546 444 3610 aester
459 3545 576 3627 daege.
591 3544 661 3609 him
676 3567 698 3635 7
713 3544 767 3607 his
783 3543 962 3626 gebeddan
977 3550 1014 3607 to
1030 3543 1251 3627 langsumum

197 3647 387 3730 gemynde.
411 3665 449 3710 se
472 3651 517 3711 ite
546 3643 600 3738 pis
625 3644 792 3710 awendan
818 3644 908 3727 wyle
933 3643 1055 3707 haebbe
1083 3645 1154 3708 him
1182 3648 1251 3713 wis

196 3746 286 3825 gode
309 3766 463 3828 gemaene
488 3766 534 3809 on
561 3743 642 3838 pam
657 3745 803 3809 micolan
828 3744 947 3822 dome;
973 3743 1099 3810 Donne
1115 3747 1250 3830 syndon

194 3847 249 3911 sis
274 3846 321 3941 pa
343 3845 493 3912 forword
517 3843 560 3938 pe
582 3863 685 3934 oreey
710 3867 732 3935 7
753 3844 799 3939 pa
816 3844 989 3928 gegyldan
1015 3851 1061 3908 aet
1086 3845 1251 3912 abbedes-

193 3948 295 4030 byrig
311 3967 458 4030 gecoren
475 3942 608 4009 habbat
624 3945 711 4027 gode
727 3945 846 4009 tolose
861 3945 955 4035 7s5e
971 3951 1067 4026 petre
1085 3951 1121 4009 to
1137 3954 1249 4017 wum-

138 4100 139 4104 ,
195 4055 333 4131 mynte.
349 4048 491 4139 7heora
517 4045 682 4126 sawlum3
706 4045 777 4130 pis
801 4034 907 4109 meost
932 4041 1030 4127 erym
1055 4044 1176 4112 nihton
1202 4068 1251 4114 aer

451 4189 460 4222 ¹
477 4191 539 4241 'l'his
550 4193 573 4241 is
585 4207 601 4241 a
612 4190 782 4241 confirmation
792 4189 821 4238 οῖ’
829 4187 935 4240 Cherter
945 4193 1002 4239 938.
