2902 4890
192 343 236 406 94
460 357 632 406 canarno
656 357 996 406 nuonosnxorucnn.

194 513 276 577 dum
293 514 391 578 duxi.
449 516 488 596 »14
512 516 588 597 Ego
615 514 785 580 Godwine
808 516 892 582 dux.
949 518 988 598 »14
1011 516 1087 597 Ego
1114 515 1253 581 Leosric

194 615 278 679 dux.
335 617 374 697 »14
404 615 480 697 Ego
514 615 645 680 Siwerd
678 617 760 680 dux.
818 618 857 700 »14
886 616 962 698 Ego
991 616 1138 698 Swegen
1166 617 1251 681 dux.

200 716 239 798 »14
261 715 336 796 Ego
361 716 524 780 AElswine
538 716 621 780 dux.
652 717 691 799 »14
715 716 790 798 Ego
808 716 975 781 AElfwerd
991 716 1076 781 dux.
1118 715 1254 799 »14ΕὶςοΙ

194 814 336 897 Sywerd
350 816 434 881 dux.
480 818 519 898 »14
549 817 625 899 Ego
644 816 805 899 Leofsige
823 818 907 882 dux.
938 820 977 900 »14
1002 817 1077 899 Ego
1099 816 1252 898 AElfsige

194 913 278 979 dux.
336 919 375 998 »14
401 914 476 998 Ego
495 916 647 981 AElfstan
672 917 756 981 dux.
814 920 853 999 »14
873 917 949 998 Ego
971 917 1110 999 Ordgar
1132 917 1252 980 minis·

193 1021 254 1080 ter.
313 1018 352 1097 »14
372 1017 449 1098 Ego
477 1016 596 1098 Osgod
620 1016 786 1080 minister.
843 1017 981 1098 »14Εςο
1004 1017 1105 1081 Odda
1131 1017 1251 1080 minis-

87 1122 92 1131 ’
194 1122 258 1180 ter.
316 1117 452 1198 »14Εςο
470 1117 608 1198 AElfgar
634 1117 799 1180 minister.
850 1117 889 1197 »14
911 1116 987 1199 Ego
1014 1117 1167 1181 Brihtric
1190 1117 1252 1180 mi-

194 1215 311 1280 nister.
362 1219 401 1299 »14
430 1217 506 1298 Ego
536 1217 712 1298 AElielwig
740 1215 905 1280 minister.
962 1219 1001 1299 »14
1027 1216 1105 1298 Ego
1134 1215 1250 1280 Dured

195 1315 361 1380 minister.
390 1383 394 1391 ,
420 1320 459 1399 »14
484 1317 561 1399 Ego
585 1316 739 1381 AElfstan
769 1316 936 1382 minister.
993 1317 1032 1397 »14
1063 1317 1140 1398 Ego
1168 1316 1251 1382 Carl

194 1415 359 1480 minister.
418 1419 457 1498 »14
475 1417 550 1498 Ego
569 1415 698 1480 Ordulf
710 1416 875 1481 minister.

244 1514 374 1580 Rubrio.
428 1516 489 1580 Dis
510 1517 540 1580 is
557 1505 646 1581 ’dara
665 1533 773 1580 mxx.
797 1517 887 1579 hidae
912 1505 979 1579 boc
997 1522 1044 1579 aet
1060 1516 1251 1597 Witanigae

192 1620 236 1678 ae
262 1604 434 1680 Eadward
451 1616 530 1699 cing
547 1606 724 1699 gebdoode
742 1616 916 1680 AElfwinae
932 1616 1091 1698 bisceope
1115 1636 1161 1680 on
1189 1606 1250 1681 ece

193 1715 280 1796 yrse.

580 1995 866 2062 nccnxxvr.

514 2115 817 2223 ainwnnan,
834 2146 931 2210 1045.

249 2300 288 2380 »14
306 2297 411 2362 Raon
426 2315 546 2378 regum
557 2303 592 2359 et
604 2295 740 2358 domino
751 2294 1001 2359 dominantium
1016 2295 1052 2359 in
1067 2303 1246 2362 aeternum

195 2399 450 2480 omnipotenter
471 2397 598 2478 ubique
620 2401 787 2476 regnante
810 2415 1012 2478 summaque
1029 2403 1065 2460 et
1083 2397 1248 2462 ineffabili

194 2519 258 2563 sua
275 2497 456 2562 clementia
470 2497 633 2559 uniuersa
650 2494 849 2558 coelestium
861 2501 896 2558 et
911 2496 1124 2559 terrestrium
1141 2505 1247 2582 atque

193 2599 403 2662 infernorum
444 2590 599 2677 agmina*
628 2594 828 2658 moderante
870 2602 974 2678 atque
1019 2596 1245 2677 gubernante.

196 2698 339 2762 Cunctis
373 2695 587 2778 sapientibus
611 2700 729 2758 notum
763 2714 804 2758 ac
837 2694 1059 2759 manifestum
1094 2704 1244 2775 constat,
1320 2723 1326 2728 ·

195 2797 286 2881 quod
304 2795 456 2859 omnium
474 2793 670 2858 mortalium
689 2793 782 2858 dicta
799 2794 855 2858 uel
872 2794 966 2858 facta
983 2815 1046 2877 pro
1064 2797 1246 2880 multiplici

196 2897 298 2960 huius
320 2894 454 2976 fragilis
477 2895 570 2957 uitae
588 2893 847 2975 perturbatione
869 2895 1067 2977 frequenter
1087 2898 1246 2962 recedent

195 3018 239 3061 ex
256 2995 433 3071 memoria,
455 2995 521 3058 nisi
539 2996 583 3058 ob
601 2993 849 3057 recordationis
871 2995 1008 3058 cautela
1028 2994 1155 3060 litteris
1174 2997 1245 3062 sint

196 3095 444 3171 commendata,
469 3093 586 3176 sicque
612 3092 655 3156 ad
684 3094 882 3158 memoriam
905 3093 1118 3177 frequentius
1144 3116 1243 3162 reuo-

195 3205 286 3261 cata.
339 3194 475 3260 Idcirco
497 3215 562 3276 ego
583 3193 815 3258 Eadweardus
839 3195 954 3276 gratia
974 3194 1030 3258 dei
1055 3193 1245 3262 industrius

195 3318 258 3361 rex
276 3294 469 3378 Anglorum
492 3295 711 3376 omniumque
733 3294 923 3357 insularum
945 3295 982 3357 in
1007 3295 1153 3360 circuitu
1168 3317 1245 3379 per·

195 3396 403 3472 sistentium,
431 3397 574 3459 audieus
599 3393 701 3457 huius
728 3392 861 3475 fragilis
891 3394 985 3457 uitae
1014 3393 1188 3460 miseriam
1210 3406 1246 3462 et

196 3497 400 3560 breuitatem
428 3503 462 3559 et
485 3512 645 3575 magnam
668 3493 804 3557 futurae
830 3493 924 3558 uitae
947 3492 1195 3560 beatitudiuem
1211 3505 1246 3562 et

196 3597 447 3670 aeternitatem,
462 3600 577 3656 mente
600 3598 825 3675 compunctus
842 3591 969 3657 tradidi
991 3601 1112 3658 sancto
1137 3594 1243 3662 Petro

196 3694 343 3780 principi
368 3692 604 3776 apostolorum
632 3699 667 3756 ct
699 3692 898 3774 coapostolo
926 3693 1000 3758 eius
1030 3692 1153 3773 Paulo,
1184 3697 1242 3780 qui

196 3795 349 3859 omnium
364 3799 418 3856 est
435 3790 557 3856 doctor
575 3791 741 3873 gentium,
759 3792 910 3874 aliquam
932 3794 1022 3857 ruris
1042 3795 1243 3876 portiuncu-

197 3897 278 3972 lam,
301 3900 380 3957 octo
408 3892 570 3956 uidelicet
592 3897 746 3955 cassatos
777 3892 992 3969 retinentem,
1014 3893 1074 3956 illo
1100 3895 1136 3958 in
1166 3895 1243 3961 loco

198 4014 301 4077 quem
316 3994 478 4074 uulgares
499 3991 612 4074 prisco
630 4011 724 4055 more
747 3992 930 4074 mobilique
949 3992 1116 4058 relatione
1140 3994 1244 4059 Stan-

198 4092 277 4156 ham
300 4093 475 4176 appellare
501 4092 626 4168 solent,
656 4111 698 4156 ea
724 4092 867 4168 ratione,
894 4099 930 4155 ut
957 4091 1044 4155 illud
1072 4092 1241 4160 modicum
