2902 4890
403 380 578 430 enarras
601 379 947 429 nuonosrxourcln.
1138 369 1200 433 lot

147 533 265 613 Quum
284 537 437 620 religiosi
455 546 690 605 antecessores
712 540 822 603 nostri
844 539 1049 620 dignitatem
1070 540 1200 603 aeccle·

146 634 276 701 siamm
306 637 531 704 clarissimam
555 640 725 704 interdum
756 639 830 702 fore
858 648 1108 721 perspexerunt
1134 648 1201 703 ter-

145 754 306 800 renarum
321 738 499 820 opulentia
514 759 640 816 rerum,
654 747 726 803 tam
748 758 837 820 quae
859 738 1080 802 authoritatis
1096 740 1201 802 rehur

145 834 273 899 habere
310 845 441 919 quanta
474 838 681 903 fulciebatur
717 838 816 920 copia
850 838 1061 916 diuitiarum,
1095 839 1199 920 digne

146 935 349 1001 tenuitatem
376 938 666 1002 aecclesiasticam
693 937 792 1019 larga
824 937 1034 1020 amplificare
1058 939 1198 1002 studue-

146 1042 228 1100 runt
249 1055 355 1101 mann
377 1048 448 1102 tam
466 1039 502 1101 in
526 1039 743 1121 possessione
765 1038 981 1119 praediorum
1000 1057 1103 1119 quam
1122 1058 1200 1102 eae-

145 1136 230 1199 teris
264 1136 455 1201 redditibus
493 1137 657 1219 legalium
696 1137 993 1201 constitutionum.
1061 1138 1197 1202 Etenim

144 1253 242 1313 nero,
258 1255 338 1299 cum
363 1237 431 1319 ipsi
455 1236 574 1301 fideles
597 1236 656 1319 qui
679 1256 799 1299 sumus
814 1236 851 1298 in
868 1234 1007 1300 Christo
1028 1238 1072 1300 ab
1094 1257 1197 1319 apos-

145 1333 218 1399 tolo
245 1354 411 1400 nocemur
445 1345 480 1402 et
512 1337 619 1400 simus
655 1336 823 1400 aecclesia
849 1354 1060 1419 quamprope
1091 1357 1196 1419 quam

144 1452 328 1499 numerosa
348 1436 568 1500 multitudine
590 1437 743 1517 gentium
764 1436 799 1498 in
819 1436 951 1498 unitate
973 1437 1125 1518 corporis
1142 1439 1196 1500 sui

141 1533 187 1597 ad
217 1536 418 1600 aecclesiam
448 1536 503 1600 dei
531 1554 781 1617 nuncupamus
806 1554 871 1599 sua
899 1534 1084 1599 christiana
1113 1555 1196 1600 cen-

143 1635 295 1699 secrauit
316 1636 430 1716 gratia
451 1636 644 1700 uidebimur
668 1634 851 1698 adulterini
874 1642 908 1698 et
925 1654 994 1697 non
1016 1634 1090 1710 filii,
1107 1636 1137 1698 si
1159 1636 1195 1699 in

142 1734 218 1797 eius
242 1754 310 1798 non
340 1735 476 1800 sedulas
503 1755 567 1799 nes
593 1734 849 1798 exhibuerimus
873 1732 1050 1798 dilatanda
1071 1735 1193 1817 gloria.

145 1832 368 1916 Quapropter
392 1854 458 1916 ego
476 1834 702 1911 Eadwardus,
721 1834 849 1897 Christi
878 1834 1007 1915 pietate
1036 1854 1098 1898 rex
1120 1833 1194 1898 An·

143 1933 292 2015 glorum,
310 1934 429 1997 delens
446 1935 641 1999 Eboracum
664 1933 880 2015 metropolim
904 1941 1022 1997 nostro
1042 1942 1195 2016 tempere

143 2032 290 2109 deiecta,
307 2034 354 2097 ad
375 2034 552 2117 antiquam
579 2033 814 2098 celsitudinem
841 2052 910 2115 qua
932 2032 1190 2105 illustrabatur;

144 2152 167 2196 a
182 2132 251 2215 piis
274 2134 412 2216 regibus
441 2134 569 2197 nostris
591 2133 922 2215 praedecessoribus,
947 2132 981 2194 in
1009 2131 1192 2213 pristinum

142 2233 285 2315 cupiens
306 2253 466 2315 reparare
494 2233 674 2313 dignitatis
702 2240 844 2307 statum,
867 2240 985 2294 nostro
1013 2230 1104 2294 lideli
1132 2232 1192 2295 do-

142 2333 236 2397 mino
258 2332 515 2415 archiepiscopo
533 2333 683 2396 ciusdem
704 2331 891 2395 aecclesiae
908 2331 1193 2413 metropolitanae

142 2430 337 2497 Eadwardo
363 2433 472 2514 regali
495 2432 646 2509 domine,
664 2432 754 2495 done
776 2438 895 2494 nostro
919 2430 1125 2493 contulimus
1148 2433 1191 2495 ad

141 2532 328 2614 integrum,
344 2532 504 2615 quicquid
523 2533 619 2613 apio
637 2543 736 2614 patre
752 2538 869 2593 nostro
887 2527 1041 2594 Aldredo
1059 2529 1191 2612 hugle-

139 2651 217 2695 rum
247 2651 328 2713 rege
356 2632 431 2695 eins
461 2631 668 2695 antecessori
687 2629 850 2693 Oswaldo
879 2629 1073 2711 praedictae
1101 2632 1192 2694 sedis

140 2730 296 2813 pontifici
329 2738 384 2796 est
411 2730 588 2807 collatum,
617 2736 652 2793 et
682 2737 761 2812 post
788 2749 866 2793 eum
895 2730 1029 2792 Romae
1059 2739 1192 2812 peteret

139 2830 283 2912 pallium
306 2850 329 2894 a
350 2831 453 2894 beato
470 2849 561 2912 papa
579 2831 746 2893 Formoso
764 2850 825 2911 per
842 2828 1014 2911 priuilegii
1039 2829 1190 2913 descrip-

139 2930 269 2995 tionem
295 2931 328 2994 ei
354 2937 408 2994 est
437 2930 601 2993 traditum
632 2929 771 3004 denum,
798 2928 940 3003 scilieet,
955 2929 1191 2994 Wirieestriae

139 3030 371 3113 episcopatus,
399 3049 461 3111 per
486 3036 641 3093 nostrum
669 3036 784 3092 tamen
810 3028 989 3090 consilium
1019 3027 1190 3110 deponen-

139 3130 233 3207 dum,
254 3131 289 3192 in
313 3128 629 3211 archiepiscopatus
650 3127 820 3209 dignitate
843 3127 1031 3190 exaltanda
1053 3130 1189 3211 supple-

138 3236 290 3293 mentum
308 3227 487 3305 nicarium‚
505 3227 597 3310 qued
615 3226 718 3290 etiam
737 3227 825 3290 idem
843 3224 1038 3300 Oswaldus,
1053 3235 1089 3289 et
1108 3237 1188 3309 post

137 3349 216 3392 enm
234 3326 417 3409 Adulphus
442 3335 477 3390 et
492 3326 674 3391 Wlstanus
697 3324 969 3407 archipraesules
996 3324 1092 3404 regio
1116 3346 1189 3388 mu-

137 3447 219 3492 nere
252 3427 368 3510 adepti
397 3433 480 3490 sunt
512 3434 548 3490 et
576 3433 758 3490 tenuerunt
783 3425 938 3507 quietum
967 3430 1001 3485 et
1028 3423 1187 3501 solidum,

137 3527 248 3591 donee
264 3524 395 3608 Anglia
415 3526 552 3608 dirupta
570 3532 622 3589 est
645 3532 680 3588 et
705 3524 849 3587 discissa
874 3522 1052 3585 inuasione
1071 3523 1189 3587 Dano-

137 3646 225 3703 rnm‚
250 3633 389 3691 etcum
416 3626 559 3689 caeteris
587 3624 797 3688 ornamentis
820 3622 1062 3686 aecclesiarum
1087 3643 1187 3705 prae·

137 3727 251 3791 dictae
289 3724 440 3788 ciuitatis
488 3724 572 3787 illud
617 3742 728 3805 papae
770 3722 927 3784 Formosi
969 3722 1185 3804 priuilegium

138 3830 275 3890 constat
297 3842 372 3887 esse
397 3824 593 3901 incensum;
616 3822 671 3885 hic
691 3829 806 3884 autem
831 3821 1052 3884 charissimus
1070 3830 1188 3886 noster

138 3923 314 3989 Ealdadus
338 3923 491 4006 episcopi
514 3940 631 3985 curam
653 3920 844 4003 suscipiens
869 3920 1087 4001 eiusdemque
1110 3941 1187 3986 aec·

136 4024 262 4088 clesiae
278 4023 354 4086 iura
371 4023 547 4104 requirens
567 4029 602 4084 et
617 4020 728 4084 sciens
746 4039 768 4083 a
787 4021 888 4083 heato
907 4038 999 4100 papa
1017 4019 1187 4086 Nicholao

137 4124 272 4188 Romae
299 4121 406 4203 pallio
433 4121 592 4196 donatus,
620 4119 662 4183 ad
691 4139 753 4182 nos
776 4138 880 4200 super
904 4119 1090 4183 aecclesiae
1121 4122 1186 4186 sihi

184 4240 271 4288 nou.
287 4238 335 4284 ιν.
1010 4236 1034 4281 u
