2902 4890
475 366 647 415 canaria
672 366 1013 414 nunnosnxorucnu.
1206 348 1250 411 77

193 525 427 606 integritatem
451 544 647 589 reseruare.
676 544 718 588 ne
745 524 818 587 ulla
851 543 1013 606 umquam
1043 524 1248 606 interruptio

193 624 376 689 discordiae
393 674 401 689 .
418 626 549 709 pandat
571 624 749 689 introitum
767 624 918 705 maligno
934 625 1140 706 deceptore.
1171 624 1249 687 Dim

194 723 343 808 denique
371 725 523 789 donante
565 725 771 789 cordetenus
802 724 1001 788 studeamus
1027 715 1250 805 recogitare!

177 844 299 907 nquam
328 824 477 906 fugitiua
500 833 553 890 est
580 825 654 888 uita
673 844 832 906 presens.
852 844 956 907 quarn
977 825 1093 887 breuis
1116 831 1151 887 et
1177 844 1249 887 mo-

195 931 381 988 mentanea
407 933 461 989 est
483 925 666 989 delectatio
692 941 816 1017 spurce
841 926 972 989 carnis.
997 931 1118 1006 astque
1145 943 1248 1006 quam

195 1024 463 1106 ignominiosum
487 1044 528 1089 ac
554 1024 755 1089 confusione
781 1025 923 1106 dignum
946 1043 1022 1087 esse
1039 1024 1249 1088 dinoscitur.

197 1131 238 1187 ut
272 1125 400 1188 malum
434 1145 557 1189 nomen
587 1115 921 1206 uituperabilemque
949 1125 1075 1187 famam
1105 1133 1184 1206 post
1214 1144 1250 1186 se

198 1225 277 1306 quis
305 1225 547 1307 derelinquat
573 1228 603 1288 δι
632 1225 747 1289 future
772 1225 929 1289 beatitat'
905 1231 949 1289 trs
976 1224 1097 1287 brania
1118 1223 1249 1307 perdat.

199 1322 467 1389 Consideremus
502 1345 585 1406 ergo
611 1327 645 1388 in
677 1331 810 1406 quanta
835 1323 1021 1388 uelocitate
1046 1324 1147 1387 huius
1179 1325 1251 1389 uite

199 1433 356 1506 tempora
380 1424 553 1491 deficiunt
613 1424 742 1488 Nullus
771 1424 826 1486 hic
860 1424 1035 1487 hominum
1065 1432 1250 1507 perpetua·

199 1524 279 1588 liter
300 1526 419 1588 uiuere
439 1526 591 1608 poterit.
618 1525 732 1588 nullus
758 1544 920 1607 umquam
948 1530 1017 1587 tam
1040 1523 1154 1587 ualide
1176 1545 1253 1606 reg-

201 1644 282 1687 num
300 1625 438 1689 habuit.
455 1633 494 1689 ut
507 1632 650 1688 mortem
670 1625 817 1688 euadere
835 1625 1008 1706 quiuiss&.
1049 1624 1115 1688 Sed
1131 1644 1251 1707 quam-

200 1723 298 1787 diu
288 1746 324 1787 rn
352 1727 453 1789 istius
482 1725 589 1789 seculi
616 1726 734 1788 labore
758 1724 1000 1787 extiterimus.
1024 1725 1187 1806 pictatem
1215 1723 1250 1787 di

202 1824 376 1889 humiliter
390 1845 468 1888 cum
484 1791 623 1889 caducis
640 1844 802 1888 mansura
820 1815 1053 1906 impetremus
1106 1824 1254 1905 Propter

202 1924 265 1988 hec
287 1928 318 1988 δι
342 1926 395 1988 his
422 1925 547 1989 similia
573 1944 594 1988 a
618 1925 815 1989 doctoribus
840 1926 1048 1987 ammonitus
1075 1945 1139 2005 ego
1162 1924 1253 1988 Ead-

203 1991 341 2088 wardus
358 2023 458 2090 difice
477 2026 665 2089 uoluntatis
684 2025 909 2107 permissione
927 2025 1035 2104 regali
1053 2024 1160 2087 fretus
1179 2024 1253 2104 dig-

202 2124 337 2189 nitate.
368 2093 503 2189 cuidam
535 2145 611 2188 meo
659 2124 818 2207 optimati
865 2125 1004 2206 proprio
1038 2124 1245 2187 uocitamine

203 2222 373 2316 aepelredo
400 2225 574 2306 quandam
605 2226 694 2288 ruris
727 2225 999 2306 portiunculam.
1029 2223 1062 2286 id
1091 2233 1143 2287 est
1169 2223 1254 2285 duo-

202 2344 278 2387 rum
304 2333 520 2390 cassatorum
546 2326 581 2388 in
605 2325 681 2388 loco
707 2325 766 2407 qui
795 2324 921 2387 dicitur
946 2330 992 2386 aet
1016 2322 1093 2386 clife
1115 2331 1255 2386 aeterna

203 2424 410 2488 liberalitate
433 2445 511 2489 curn
529 2426 686 2489 omnibus
705 2425 748 2487 ad
766 2424 803 2487 sd
830 2425 893 2486 rite
919 2424 1170 2506 pertinentibus
1196 2424 1256 2485 irn-

204 2524 358 2606 pertior.
387 2527 551 2607 quatinus
586 2526 661 2588 uita
691 2524 815 2588 comite
837 2524 1021 2605 possideat.
1101 2522 1256 2605 Postque

203 2625 477 2706 segregationem
498 2624 650 2706 corporis
674 2627 703 2686 δι
719 2625 846 2688 anime.
865 2624 1066 2706 cuicumque
1093 2623 1158 2685 sibi
1180 2624 1255 2706 pla·

204 2725 315 2788 cuerit
351 2714 550 2789 cleronomo
591 2724 770 2805 dapsiliter
803 2724 979 2788 concedat.
1050 2723 1133 2789 Diss
1170 2724 1255 2805 synd

204 2823 299 2917 paera
333 2831 465 2907 twegra
497 2825 648 2904 sulunga
684 2843 834 2905 gemaero
868 2831 903 2887 to
941 2823 1028 2887 clife.
1098 2823 1152 2886 On
1182 2833 1257 2887 east

204 2923 316 2993 healfe
340 2922 413 3016 yaes
437 2924 572 2988 hiredes
598 2924 676 2987 land
702 2930 739 2988 to
759 2924 879 2986 dofran
902 2931 949 2987 aet
974 2923 1072 2988 clife
1089 2944 1173 3013 7on
1192 2930 1257 2989 suli

205 3024 320 3088 healfe
349 3022 422 3116 paes
455 3024 590 3088 hiredes
626 3024 704 3086 land
742 3031 789 3087 aet
823 3025 1009 3106 cubyrum.
1037 3046 1059 3113 7
1092 3043 1137 3086 on
1173 3032 1258 3088 west

206 3124 318 3191 healfe
336 3125 544 3204 beocceding
567 3111 667 3189 land.
693 3144 775 3214 7on
795 3130 883 3188 norit
900 3124 1013 3187 healfe
1033 3128 1101 3208 paes
1124 3123 1258 3187 hiredes

206 3212 288 3288 land
312 3231 349 3287 to
374 3212 601 3289 folcanstane.
655 3224 780 3287 Oxena
807 3224 953 3305 gehaeg.
980 3243 1062 3314 7an
1079 3223 1194 3305 mylen
1216 3225 1258 3286 be

206 3323 396 3391 doforware
421 3325 547 3390 broce.
573 3324 739 3415 7seofon
762 3342 891 3387 acceras
924 3322 1043 3416 parto.
1065 3323 1257 3413 7cubyra.

205 3424 372 3514 7soltuu.

251 3523 289 3586 Si
311 3530 426 3588 autem
446 3523 539 3605 quod
563 3525 654 3587 absit
678 3524 804 3606 aliquis
827 3523 935 3607 typho
952 3523 1124 3604 turgentis
1140 3542 1258 3604 super-

207 3622 278 3686 cilii
303 3623 472 3688 inflatus,
500 3623 588 3686 hanc
610 3644 684 3720 mee
709 3624 906 3687 donationis
925 3643 966 3687 ac
989 3623 1258 3687 confirmationis

208 3722 420 3787 breuiculam
454 3730 652 3807 peruertero
691 3724 747 3787 uel
790 3723 977 3805 infringere
1017 3724 1259 3804 temptauerit.

207 3822 304 3886 Sciat
321 3813 361 3886 se
377 3842 453 3886 cum
479 3829 600 3886 satane
617 3823 823 3887 satellitibus
852 3830 1100 3886 tormentorum
1124 3822 1260 3903 ignibus

208 3921 283 3986 sino
307 3921 375 3986 fine
401 3923 571 4005 penaliter
596 3914 776 3987 arsurum.
800 3924 867 3985 nisi
892 3943 913 3986 a
935 3941 1044 4004 prauo
1071 3940 1174 3984 sensu
1202 3922 1260 3986 de·

207 4023 321 4087 sistat.
396 4022 443 4086 Et
473 4022 575 4086 huius
610 4022 690 4086 doni
722 4023 1010 4104 constipulatores
1045 4019 1261 4088 extiterunt.

208 4138 355 4206 quorum
372 4121 515 4186 inferius
533 4112 699 4186 onomata
716 4123 875 4186 caraxari
893 4129 1081 4185 cernuntur
1099 4122 1259 4186 ueridica.
