2902 4890
417 379 591 433 olibam
613 380 954 429 runuoslxourcln.
1151 364 1216 430 175

156 553 257 598 ornm
286 541 438 616 patrum,
462 541 544 598 tnnc
572 536 784 616 apostolicus
808 557 853 601 ex
882 539 1044 602 consultu
1071 548 1212 603 sanctae

158 633 284 716 synodi
301 633 390 697 hanc
411 634 593 715 epistolam
617 635 700 697 milri
726 637 874 718 scripsit.
912 638 1005 701 ‘Leo
1030 639 1212 720 episcopus

157 752 282 797 seruus
310 752 490 799 seruorum
520 735 575 797 dei
602 734 728 799 dilecto
757 735 827 801 filio
852 737 1060 802 Eaduuardo
1078 736 1212 819 Angla-

158 852 238 895 rum
278 833 363 914 regi,
400 834 547 898 salntem
583 840 619 898 et
655 837 882 918 apostolicam
918 838 1208 901 benedictionem!

159 929 334 1010 Quoniam
360 932 575 997 uoluntatem
594 940 689 997 tuam
713 935 921 999 laudabilem
942 944 977 1000 et
993 938 1058 1002 deo
1075 944 1211 1018 gratam

159 1032 379 1113 agnouimus,
393 1033 525 1113 gratias
543 1032 677 1114 agimus
693 1034 725 1096 ei
744 1054 806 1116 per
824 1054 926 1118 quem
948 1056 1048 1117 reges
1066 1043 1213 1117 regnant

159 1138 196 1196 et
224 1131 396 1213 principes
426 1130 520 1196 iusta
551 1132 750 1197 decernunt,
812 1133 880 1198 Sed
913 1135 996 1218 quia
1023 1155 1130 1217 prope
1159 1143 1213 1199 est

159 1229 320 1294 dominus
343 1231 380 1293 in
406 1231 498 1294 omni
525 1231 602 1295 loco
626 1232 785 1297 omnibus
812 1234 1053 1299 innocentibus
1078 1255 1155 1298 eum
1178 1235 1213 1296 in

159 1329 320 1405 ueritate,
338 1338 374 1395 et
395 1330 506 1394 sancti
532 1331 682 1413 apostoli
706 1351 783 1395 cum
812 1352 875 1396 suo
900 1335 1013 1415 capite
1040 1335 1213 1398 coniuncti

161 1448 252 1492 nnus
274 1428 416 1511 spiritus
437 1436 531 1506 sunt,
556 1438 592 1494 et
611 1431 687 1510 pias
709 1451 828 1512 preces
851 1433 1042 1515 aequaliter
1057 1433 1213 1510 audiunt,

160 1537 197 1594 et
214 1528 296 1612 quia
318 1536 455 1594 constat
476 1528 665 1611 periclitari
688 1531 861 1612 regionem
878 1529 1062 1614 Anglicam
1085 1552 1130 1596 ex
1151 1542 1213 1596 tua

160 1629 372 1697 discessione
394 1628 454 1712 qui
482 1627 579 1692 freno
606 1629 758 1693 iustitiae
787 1629 973 1695 sediciosos
999 1630 1072 1694 eius
1100 1640 1215 1696 motus

160 1728 313 1804 cohibes,
329 1749 374 1793 ex
397 1728 605 1793 anctoritate
623 1729 678 1792 dei
694 1736 730 1793 et
751 1737 949 1794 sanctorum
977 1731 1214 1812 apostolorum

163 1836 199 1893 et
215 1835 358 1892 sanctae
379 1827 503 1911 synodi
529 1827 741 1891 absoluimns
762 1836 835 1893 tea
857 1837 1000 1911 peccato
1022 1830 1115 1893 illius
1141 1831 1213 1894 uoti

164 1949 229 2010 pro
246 1946 317 2010 quo
331 1927 385 1991 dei
402 1925 568 1991 offensam
585 1927 685 1990 times
708 1937 744 1991 et
758 1930 802 1992 ab
818 1931 978 1994 omnibus
994 1930 1215 2010 negligentiis

163 2035 199 2091 et
219 2026 462 2110 iniquitatibus
479 2027 562 2102 tuis,
588 2045 630 2089 ea
649 2027 808 2090 nimirum
830 2034 1003 2109 potestate
1020 2029 1085 2103 usi,
1109 2048 1213 2110 quam

161 2126 322 2191 dominus
337 2127 374 2188 in
390 2126 492 2188 beato
506 2125 614 2189 Petro
631 2128 800 2191 concessit
817 2128 926 2204 nobiS,
941 2127 1069 2202 dicenS,
1080 2126 1215 2205 ‘Quae-

161 2243 299 2309 cunque
333 2225 507 2289 solneritis
541 2233 811 2306 superterram,
840 2226 955 2291 soluta
983 2234 1085 2289 erunt
1116 2234 1151 2289 et
1178 2228 1212 2289 in

161 2324 292 2390 coelis?
342 2324 477 2387 Deinde
499 2324 728 2405 praecipimus
753 2327 816 2390 tibi
837 2327 901 2388 sub
921 2325 1057 2388 nomine
1073 2334 1215 2389 sanctae

162 2424 380 2489 obedientiae
395 2431 430 2487 et
445 2423 691 2504 poenitentiae,
716 2432 756 2487 ut
777 2444 948 2506 expensas
970 2443 1058 2505 quas
1084 2426 1127 2487 ad
1149 2426 1217 2488 iter

161 2523 255 2589 istud
291 2541 478 2606 paranetas
519 2523 728 2604 pauperibus
767 2542 900 2604 eroges,
940 2530 974 2585 et
1014 2524 1214 2587 coenobium

163 2622 409 2687 monachornm
432 2623 467 2685 in
485 2620 613 2684 honore
629 2623 741 2685 sancti
759 2621 855 2687 Petri
871 2621 1106 2704 apostolorum
1124 2624 1216 2704 prin-

165 2722 252 2805 cipis
281 2731 344 2787 aut
376 2741 505 2785 nouum
536 2727 730 2798 construas,
762 2731 823 2785 aut
853 2729 1029 2786 uetustum
1058 2722 1216 2785 emendes

164 2830 201 2886 et
229 2840 372 2902 augeas,
414 2828 449 2884 et
486 2818 725 2884 sufficientiam
752 2821 952 2885 uictualium
984 2822 1149 2885 fratribus
1174 2821 1216 2884 de

163 2923 234 2985 tuis
262 2920 452 2985 redditibus
478 2919 683 2995 constituas,
705 2921 868 3002 quatinus
895 2920 977 2983 dum
1004 2921 1055 2983 illi
1080 2923 1217 2985 assidue

163 3021 251 3085 inibi
272 3020 375 3084 denm
396 3018 628 3095 laudanerint,
646 3025 682 3082 et
705 3020 833 3083 sanctis
856 3027 1027 3100 augeatur
1048 3020 1160 3100 gloria
1182 3028 1218 3083 et

164 3120 227 3184 tibi
258 3119 486 3200 indulgentia.
551 3116 617 3181 Cui
642 3118 718 3182 loco
742 3119 903 3201 quicquid
935 3118 1131 3194 contuleris,
1161 3120 1217 3182 uel

165 3219 331 3285 collatum
355 3225 409 3282 est
435 3217 493 3281 uel
519 3215 724 3294 conferetur,
754 3227 792 3281 ut
817 3224 929 3279 ratum
958 3217 1004 3279 sit
1027 3217 1218 3296 apostolica

166 3318 374 3383 auctoritate
396 3317 636 3399 praecipimus,
657 3324 692 3380 et
713 3324 753 3380 ut
775 3335 909 3397 semper
931 3314 1101 3378 habitatio
1124 3335 1217 3377 mon-

166 3418 330 3483 achorum
345 3418 391 3480 sit
404 3424 439 3480 et
451 3416 537 3478 nnlli
554 3416 664 3479 laicae
678 3435 844 3497 personae
861 3414 927 3478 nisi
943 3415 1015 3494 regi
1032 3414 1217 3491 subdatur3

166 3526 202 3583 et
219 3535 444 3601 quaecunque
466 3516 649 3597 priuilegia
677 3515 762 3578 inibi
791 3515 970 3578 instituere
997 3512 1147 3576 uolueris
1175 3514 1218 3576 ad

166 3618 332 3682 bonorem
359 3616 415 3679 dei
437 3615 647 3697 pertinentia
679 3614 897 3678 concedimus
919 3622 955 3676 et
980 3613 1220 3676 robustissima

166 3716 375 3782 auctoritate
392 3714 646 3790 confirmamus,
665 3722 700 3776 ct
724 3713 926 3777 infractores
943 3732 1060 3776 eornm
1078 3720 1219 3775 aeterna

166 3816 406 3881 maledictione
420 3808 645 3877 damnamus?
669 3811 769 3877 Haec
786 3819 821 3876 et
836 3813 905 3876 alia
920 3811 1103 3893 apostolici
1122 3831 1218 3873 man-

167 3917 251 3981 data
284 3934 363 3978 cum
399 3914 565 3978 referrent
604 3911 703 3974 nobis
735 3911 854 3992 legati,
886 3913 1018 3973 interea
1053 3910 1220 3974 renelauit

167 4018 291 4080 beatus
304 4013 430 4078 Petrus
442 4013 577 4077 cuidam
591 4011 778 4093 probabilis
793 4010 886 4073 uitae
905 4009 1073 4073 monacho
1086 4010 1220 4074 incluso

168 4116 307 4186 nomine
322 4113 474 4177 Wlfsino
494 4112 710 4178 uoluntatem
734 4130 832 4174 suam
855 4128 930 4173 esse
954 4117 992 4173 ut
1016 4114 1221 4175 restruerem
