2902 4890
455 343 628 392 casuras
653 340 996 390 aucuosaxonrcsu.
1212 326 1257 392 63

197 520 287 578 meo,
312 507 352 565 ut
378 501 463 579 dixi,
489 500 641 565 eiusdem
667 499 734 564 loci
769 498 1061 564 confirmationem
1094 500 1253 582 propriae

197 600 371 665 firmitatis
389 600 595 665 auctoritate
612 600 821 676 roborarem,
840 607 874 664 et
891 599 983 682 quod
999 599 1111 663 adhuc
1131 619 1252 682 super-

197 712 274 765 erat
301 701 465 784 perficere
499 700 637 763 minime
668 699 861 773 differrem
896 698 1056 787 adqbaeo
1082 718 1138 763 me
1169 699 1252 783 quid

198 801 265 864 sibi
282 801 400 878 uellet,
418 806 453 864 et
475 820 544 882 quo
559 799 715 891 tenderet
734 799 836 863 huius
859 800 1003 864 rationis
1027 800 1176 882 prolatio
1201 820 1254 864 re-

197 901 375 982 quirente;
400 900 451 965 illi
471 920 490 964 e
511 907 633 965 contra
648 899 888 964 indicauerunt
902 906 1043 982 repente
1058 919 1095 963 se
1112 899 1146 963 id
1163 900 1253 963 uelle

197 1019 219 1064 a
232 1007 372 1065 nostrae
388 999 645 1084 principalitate
659 999 857 1064 serenitatis
872 999 916 1063 ab
933 999 1159 1082 omnibusque
1173 1019 1251 1064 aec·

196 1099 400 1164 clesiastiois
424 1100 579 1183 personis
609 1107 714 1183 atque
736 1099 935 1182 proceribus
960 1099 1086 1163 ibidem
1110 1119 1254 1182 cougre-

197 1200 290 1280 gatis
307 1200 482 1264 humiliter
489 1206 619 1283 petere,
628 1199 793 1282 quatinus
806 1219 869 1281 pro
881 1198 1031 1263 remedio
1044 1199 1178 1264 animae
1192 1220 1252 1283 pa·

197 1300 262 1363 tris
277 1307 312 1364 et
328 1301 449 1365 matris
467 1306 573 1382 atque
584 1318 694 1377 meae,
708 1305 744 1362 et
760 1317 927 1382 prospera
946 1299 1043 1380 regni
1061 1300 1253 1365 stabilitate

198 1400 321 1478 nostri,
330 1400 418 1465 hanc
429 1399 600 1465 libertatis
616 1398 857 1463 inmunitatem
873 1399 984 1462 sancti
994 1399 1188 1462 Eadmundi
1202 1400 1253 1464 lo·

195 1518 239 1563 co
250 1500 393 1582 eiusque
400 1499 653 1565 habitatoribus
666 1499 827 1580 dignarer
840 1498 1037 1575 concedere,
1048 1518 1091 1562 ne
1104 1499 1187 1563 inibi
1200 1499 1251 1563 sa-

197 1599 370 1664 mulantes
391 1600 530 1665 domino
552 1599 755 1664 coenobitae
775 1605 953 1680 pastorum
978 1598 1250 1664 aecclesiastico-

197 1720 274 1763 rum
297 1700 419 1765 autad
439 1718 477 1764 se
498 1700 742 1782 pertinentium
761 1718 985 1781 personarum
1002 1699 1074 1763 ullo
1091 1699 1252 1783 deinceps

198 1807 354 1883 tempore
368 1806 593 1884 quaterentur
609 1818 671 1863 seu
687 1798 922 1881 inpedirentur
936 1798 1096 1862 molestia
1111 1806 1173 1864 aut
1189 1820 1250 1883 op·

197 1901 385 1983 pressione.
419 1900 595 1964 Dixerunt
607 1899 715 1982 igitur
729 1918 767 1961 se
781 1898 816 1962 id
834 1899 989 1981 pluribus
1006 1899 1116 1963 modis
1130 1919 1251 1982 quam·

197 2000 256 2063 diu
279 2000 445 2064 uitalibus
465 2000 560 2064 auris
575 1998 771 2063 fruerentur
785 1998 876 2063 uelle
896 1998 982 2074 lieri,
997 2006 1072 2063 tum
1088 2000 1250 2082 quoniam

194 2099 264 2183 ipsi
278 2101 380 2164 ambo
392 2099 621 2165 interfuerunt
634 2105 798 2182 paternae
811 2099 1076 2177 confirmationi,
1087 2106 1160 2164 tum
1171 2101 1253 2181 quia

196 2199 329 2264 meritis
351 2200 500 2283 praefati
522 2200 635 2265 saneti
656 2220 719 2283 pro
742 2200 852 2282 petito
875 2198 1039 2263 beneficio
1057 2198 1252 2265 huiusmodi

196 2301 386 2383 sperabant
398 2320 420 2364 a
436 2299 574 2364 domino
591 2299 675 2363 mihi
686 2297 819 2381 sibique
836 2306 1039 2382 perpetuam
1054 2318 1251 2364 remunera·

196 2400 327 2464 tionem
343 2400 537 2484 prouenire,
555 2407 629 2464 turn
646 2400 729 2482 quia
742 2400 952 2463 uerebantur
968 2419 1010 2462 ne
1027 2400 1253 2481 peruersioris

196 2500 399 2565 intentionis
420 2507 457 2564 et
482 2500 587 2564 animi
611 2498 723 2563 nostri
749 2518 965 2562 successores
991 2499 1201 2564 sentirentur
1216 2508 1251 2566 et

195 2601 434 2665 inuenirentur
450 2607 555 2683 atque
581 2600 657 2672 sui;
682 2618 751 2682 quo
767 2598 942 2682 patefacto
965 2605 1084 2663 nostro
1108 2619 1250 2682 genera-

195 2700 276 2764 liter
285 2700 432 2778 auditui,
441 2700 522 2764 licet
537 2719 606 2764 uon
623 2699 738 2783 potior
752 2705 843 2762 esset
860 2697 909 2762 eis
921 2699 1084 2763 uoluntas
1100 2703 1251 2783 petendi,

196 2819 301 2882 quam
331 2800 414 2864 mihi
443 2800 649 2864 desiderium
680 2798 887 2882 exequendi,
913 2806 1030 2864 tamen
1061 2803 1251 2884 perquisito

196 2900 276 2965 inde
299 2899 443 2965 consilio
471 2900 655 2976 communi,
673 2899 860 2963 uniuersali
883 2899 1066 2964 concordia
1094 2902 1251 2984 inprimis

196 3020 218 3064 a
228 3000 453 3065 deuotissima
467 3008 577 3064 matre
591 2999 942 3076 manmma,deinde
955 3001 999 3063 ab
1017 3001 1176 3066 omnibus
1190 3023 1250 3086 op-

196 3107 383 3183 portunum
402 3119 605 3183 responsum
626 3099 756 3182 accepi,
774 3098 839 3164 hoc
854 3101 1044 3183 probabile,
1057 3101 1154 3180 utile,
1174 3104 1249 3185 dig-

197 3220 348 3284 numque
369 3199 527 3264 effectum
550 3219 627 3265 esse
651 3219 673 3263 a
695 3199 791 3264 nullo
813 3220 931 3264 eorum
953 3201 1120 3282 abnegari
1136 3222 1249 3284 posse.

196 3299 419 3384 Quapropter
442 3300 499 3364 dei
539 3300 785 3382 omnipotentis
825 3319 1010 3364 succensus
1046 3318 1174 3378 amore,
1214 3309 1250 3365 et

197 3400 352 3464 eiusdem
378 3401 540 3483 martyris
563 3400 756 3484 patrocinio
781 3399 944 3482 gaudens
958 3407 994 3464 et
1008 3398 1151 3478 bonore,
1171 3420 1248 3465 cum

177 3501 317 3565 ¹fauore
334 3499 506 3584 laudeque
521 3500 854 3565 aecclesiasticorum
864 3507 1043 3583 pastorum
1057 3501 1249 3568 mundano-

194 3619 340 3684 rumque
363 3599 557 3683 principum
584 3601 701 3664 taliter
720 3600 930 3683 descriptum
952 3601 1127 3666 constituo
1150 3604 1251 3667 robo-

195 3720 306 3784 roque
334 3706 568 3784 praeceptum,
595 3709 634 3765 ut
664 3701 782 3765 nullus
815 3701 1151 3785 archiepiscoporum
1187 3711 1249 3768 aut

194 3801 447 3884 episcoporum,
464 3806 526 3864 aut
540 3801 657 3884 aliqua
674 3801 816 3865 secundi
833 3801 962 3866 ordinis
986 3822 1103 3866 eorum
1121 3802 1249 3888 discip-

194 3900 319 3965 linatui
337 3899 597 3966 adhaerentium
609 3920 832 3984 personarum
849 3902 990 3979 audens,
1006 3904 1249 3986 quoquomodo

193 4000 298 4065 huius
326 4008 466 4066 nostrae
496 4002 751 4067 constitutionis
788 4003 917 4066 uiolare
950 4002 1114 4066 iudicium
1149 4024 1249 4087 prae·

194 4108 312 4167 sumat
326 4100 511 4186 quicquam
528 4102 785 4167 consuetudinis
801 4103 877 4167 siue
892 4103 1134 4169 dominationis
1155 4125 1249 4169 amo·
