2902 4890
403 359 577 409 curares
602 358 943 409 aucuossxonrcrn.
1135 346 1201 409 155

143 515 221 579 hinc
236 514 303 581 sibi
320 522 453 581 tantam
470 516 555 581 deus
571 536 656 582 suae
672 517 813 600 pietatis
831 519 980 600 gratiam
995 517 1143 582 contulit
1158 526 1198 581 ut

142 616 233 680 inter
256 623 499 683 momentanea
517 616 637 683 mundi
654 617 825 683 desideria
841 618 1012 700 cogitaret
1029 617 1198 682 foeliciter

142 715 344 780 desudando
385 716 570 791 coelestia;
617 718 805 801 quinetiam
835 717 894 782 ille
927 719 986 801 qui
1015 717 1132 782 omnia
1161 718 1198 781 in

142 816 303 881 omnibns
317 823 482 900 operatur
501 824 542 882 ut
556 817 634 882 uult
649 818 755 882 talem
772 818 910 884 diuinae
925 819 1065 901 pietatis
1080 816 1197 882 dulce·

142 915 257 980 dinem
284 922 325 980 ut
340 918 634 1000 supramemoraui
659 918 830 982 concessit
858 919 903 995 ei,
929 926 969 983 ut
994 937 1063 982 non
1085 917 1197 981 solum

143 1015 199 1080 dei
226 1015 340 1081 cultor
366 1015 543 1094 efficiatur,
569 1037 690 1082 uerum
718 1018 823 1083 etiam
849 1019 1036 1083 canonicae
1058 1016 1199 1099 regulae

143 1122 307 1181 strenuus
326 1116 508 1182 institutor
523 1117 597 1182 fieri
619 1117 799 1197 credatur3
824 1138 904 1182 nam
925 1117 1011 1182 hacc
1032 1117 1198 1181 diuinitus

144 1215 225 1281 fidei
253 1216 487 1282 declaratione
509 1225 545 1282 et
566 1237 709 1300 operum
732 1218 946 1293 exhibitione
971 1225 1199 1282 caeterarum-

145 1334 212 1400 que
229 1316 473 1382 aecclesiarum
489 1337 602 1382 rerum
623 1317 837 1400 plenitudine
858 1318 1019 1401 probauit
1041 1323 1198 1380 euentus.

146 1415 236 1495 Quis
255 1424 371 1481 autem
402 1417 481 1482 finis
513 1417 588 1482 eius
620 1417 780 1482 desiderii
811 1417 1003 1501 posthaec
1032 1416 1199 1493 euenerit‚

145 1516 317 1599 sapientia
342 1537 405 1600 per
426 1517 646 1585 Salomonem
675 1517 883 1582 declarando
909 1517 1091 1600 prompsit,
1117 1516 1200 1580 dum

147 1616 208 1694 ait,
238 1616 375 1682 ‘Iustis
402 1617 541 1682 dabitur
570 1616 777 1682 desiderium
809 1616 958 1682 honum'
1015 1616 1201 1680 Enimuero

145 1715 311 1781 rationali
337 1717 482 1782 consilio
508 1717 639 1782 ditatus
666 1736 707 1782 ac
730 1736 814 1782 suae
839 1737 909 1781 non
930 1718 1097 1781 inmemor
1119 1736 1201 1780 con-

146 1816 299 1894 ditionis,
318 1818 354 1880 in
376 1817 589 1900 praescripto
613 1818 691 1882 loco
716 1817 961 1881 monasterium
992 1817 1034 1882 ad
1064 1815 1201 1880 laudem

147 1917 277 1981 domini
308 1918 418 1982 nostri
445 1912 551 1981 Ihesu
579 1916 709 1982 Christi
739 1924 774 1982 et
807 1925 949 1982 sanctae
975 1916 1087 1981 crucis
1118 1935 1201 1979 con·

147 2017 290 2082 struxit.
343 2017 500 2081 Primum
522 2018 713 2082 concedens
730 2017 763 2080 ei
786 2023 915 2082 terram
939 2036 1028 2098 quae
1056 2023 1203 2080 uocatur

149 2116 366 2195 Nordlande,
382 2117 473 2181 uude
487 2117 690 2181 aecclesiam
713 2117 818 2181 uillae
839 2116 1031 2199 antiquitus
1047 2115 1203 2178 dotatam

146 2217 303 2292 inuenit3
341 2224 422 2299 post
443 2217 623 2282 fundatum
650 2217 773 2281 dehinc
805 2236 925 2280 sacrae
952 2216 1031 2280 fidei
1065 2234 1202 2278 monas-

148 2317 273 2382 terium
288 2316 332 2381 ad
349 2337 504 2382 normam
520 2325 662 2382 sauctae
677 2317 733 2381 dei
749 2317 936 2381 aecclesiae
952 2315 1103 2379 dedicari
1120 2314 1202 2380 fecit

148 2416 335 2482 honorifice
351 2419 395 2482 ob
411 2418 610 2483 memoriam
632 2418 699 2482 mei
720 2424 756 2481 et
773 2417 928 2499 coniugis
948 2435 1044 2479 meae
1066 2414 1203 2480 nomine

149 2516 317 2595 Eadittaa
350 2519 461 2601 patris
492 2537 534 2583 ac
562 2519 695 2594 matris,
720 2537 783 2599 pro
812 2536 850 2581 se
875 2517 1016 2599 suisque
1046 2516 1203 2578 omnibus

150 2616 241 2681 uiuis
281 2625 318 2683 et
349 2618 520 2682 defunctis
565 2618 630 2681 sibi
664 2616 964 2698 consanguinitate
997 2616 1201 2680 coniunctis.

151 2716 234 2782 Hoc
255 2718 346 2781 enim
370 2718 602 2801 perplurimis,
623 2725 833 2794 sanctorum,
852 2716 1099 2799 apostolorum,
1117 2735 1204 2779 mar·

150 2825 278 2900 tyrum,
288 2817 538 2895 confessorum,
547 2818 735 2900 uirginum,
749 2817 915 2898 reliquiis,
932 2817 1082 2882 ornauit.
1123 2815 1204 2881 Hoc

150 2936 221 2982 non
248 2917 361 2982 solum
388 2918 502 2996 terris,
528 2936 674 3000 quarum
704 2917 874 2981 uocabula
902 2917 1093 3000 posthaec
1123 2923 1205 2980 suut

148 3017 337 3095 recitanda,
356 3037 475 3082 uerum
498 3019 603 3082 etiam
625 3017 721 3082 libris
741 3017 962 3098 euangelicis,
979 3017 1145 3093 uestibus,
1163 3034 1205 3080 ac

150 3118 298 3183 diuersis
320 3125 599 3183 ornamentorum
622 3117 816 3199 generibus,
834 3118 962 3199 templo
979 3116 1107 3180 domini
1122 3135 1203 3180 cou-

151 3218 356 3299 gruentibus
378 3218 439 3301 qui
460 3217 588 3282 diuinis
611 3217 762 3282 cultibus
778 3216 871 3280 clare
888 3235 929 3279 ac
950 3214 1128 3278 dulcedine
1144 3215 1204 3277 im·

151 3319 255 3382 butus
278 3320 446 3383 attentius
472 3325 613 3382 sanctae
637 3315 878 3382 celebrationis
908 3314 1072 3396 templum
1100 3333 1203 3378 exco-

152 3418 222 3481 lere
245 3417 362 3500 coepit
389 3437 431 3483 ac
456 3417 626 3481 uenerari.
679 3416 773 3494 Quid
798 3416 924 3498 plural
948 3433 1033 3478 suae
1057 3413 1203 3496 denique

150 3516 358 3582 conditionis
387 3537 456 3582 non
481 3518 670 3593 immemor,
698 3517 823 3581 ibidem
851 3514 1065 3599 quorundam
1092 3520 1204 3577 cater-

151 3618 270 3681 uulam
309 3617 453 3682 fratrum
497 3616 685 3681 secuudum
724 3616 967 3680 auctoritatem
1005 3622 1204 3678 sanctorum

151 3724 290 3800 patrum
312 3717 498 3782 canonicae
522 3716 662 3798 regulae
686 3717 877 3781 subiectam
900 3715 1093 3790 constituit,
1115 3733 1205 3796 quae

151 3818 216 3882 deo
241 3824 278 3881 et
300 3818 431 3882 sanctis
458 3817 532 3881 eius
555 3816 611 3880 die
633 3823 806 3898 noctuque
828 3815 948 3880 laudes
971 3814 1203 3898 hymnizando

152 3918 325 3982 decantet.
378 3916 477 3981 Haec
500 3925 581 3980 sunt
599 3916 767 3981 uocabula
794 3915 1011 3998 praediorum
1034 3914 1077 3976 ad
1106 3933 1204 3996 prae-

152 4017 261 4082 fatum
279 4018 488 4099 pertinentia
503 4017 761 4080 monasterium.
813 4015 1017 4080 Passefolda
1034 4035 1111 4078 cum
1133 4035 1206 4079 om-

152 4118 253 4181 nihus
290 4116 335 4181 ad
375 4137 412 4181 se
446 4117 709 4200 pertinentibus,
737 4117 881 4200 campis,
911 4115 1061 4198 pascuis,
1084 4117 1205 4197 pratis,
