2902 4890
402 367 575 418 cesama
599 366 942 416 nnonosaxomenn.
1131 354 1195 416 147

135 525 233 589 sione
264 525 478 603 monasterii,
509 524 650 590 sacham
682 532 719 589 et
751 525 891 591 socham
925 525 1191 610 theloneumque

136 644 236 689 suum
251 625 288 689 in
303 633 398 690 terra
413 634 450 690 et
465 626 500 689 in
518 644 610 709 aqua
627 625 790 703 concedo,
809 634 844 691 et
861 627 1141 704 consuetudines,
1151 637 1190 692 ut

136 727 180 789 ab
203 727 363 791 omnibus
391 726 545 810 apertius
567 733 603 790 et
620 727 755 809 plenius
776 726 1026 809 intelligantur,
1045 727 1189 810 Anglice

135 827 299 909 scriptas,
314 827 458 904 scilicet,
470 826 706 905 mundbriche,
719 826 909 904 feardwite,
927 828 1060 904 fitwite,
1077 828 1191 893 blode

137 927 227 1004 wite,
255 926 481 1009 miskeninge,
509 925 674 1004 fritisoke,
709 927 906 1005 hamsocne,
937 927 1083 1004 forstall,
1118 929 1187 992 sor-

137 1025 287 1110 phange,
301 1027 496 1114 biefphang,
512 1026 698 1109 hengwite,
721 1027 919 1104 sri’dbriche,
941 1029 1049 1110 utlep‚
1076 1029 1190 1093 inson-

136 1126 275 1210 genliel',
292 1127 488 1211 sypbriche‚
511 1127 561 1192 tul
578 1134 711 1204 ettam,
735 1126 891 1211 aliasque
908 1148 1025 1192 omnes
1044 1129 1136 1211 leges
1155 1138 1189 1195 et

135 1228 403 1293 consuetudines
420 1247 510 1311 quae
526 1228 571 1292 ad
590 1246 645 1291 me
660 1227 845 1310 pertinent,
862 1235 934 1292 tam
948 1229 1049 1311 plene
1066 1238 1101 1294 et
1118 1237 1189 1294 tam

134 1327 243 1393 hbere
257 1329 350 1394 sicut
365 1346 427 1392 eas
447 1328 483 1392 in
500 1346 606 1392 mann
622 1346 700 1391 mea
721 1327 900 1392 habebam.
953 1328 999 1392 Et
1018 1341 1058 1393 ut
1076 1331 1190 1394 omnia

134 1426 352 1506 concludam,
368 1428 485 1492 nullus
509 1426 764 1492 succedentium
787 1448 919 1510 regum,
937 1430 1190 1512 episcoporum,

135 1529 342 1611 principum,
361 1527 538 1606 comitum,
559 1529 812 1603 uicecomitum‚
836 1537 1110 1611 procuratorum,
1128 1550 1189 1594 seu

134 1628 284 1693 aliorum
310 1648 431 1711 regum
460 1629 648 1705 clientium,
676 1628 733 1692 uel
760 1629 831 1692 alia
859 1629 1032 1711 quaelibet
1063 1650 1190 1712 magna

135 1728 194 1793 uel
223 1748 335 1812 parua
359 1748 520 1811 persona,
544 1748 607 1812 per
625 1728 696 1792 uim
720 1734 781 1791 aut
806 1749 868 1811 per
895 1730 1188 1808 consuetudinem,

135 1834 289 1912 pastum,
315 1848 467 1907 censum,
499 1828 555 1891 uel
584 1829 844 1911 impensionem,
872 1847 942 1892 non
974 1850 1092 1913 opera,
1119 1851 1189 1895 non

135 1929 280 2006 tributa,
296 1929 413 2006 xenia,
430 1947 491 1992 seu
517 1927 731 2005 munuscula,
754 1928 811 1992 uel
832 1928 926 1992 aliud
949 1930 1118 2011 quidlibet
1144 1934 1188 1995 ab

134 2048 256 2094 eorum
279 2028 553 2112 possessionibus
575 2029 715 2110 exigat;
749 2028 809 2092 sed
835 2028 1063 2093 omnimodam
1086 2031 1189 2093 liber-

41 2200 48 2212 ,
135 2136 245 2194 tatem
272 2129 520 2212 perpetualiter
546 2129 701 2194 interra
729 2136 765 2192 et
795 2129 830 2192 in
858 2147 962 2211 aqua,
986 2129 1023 2191 in
1048 2131 1131 2192 urbe
1154 2144 1190 2194 et

134 2236 250 2307 extra,
267 2228 304 2294 in
321 2229 425 2294 domo
448 2236 484 2293 et
513 2235 625 2305 extra,
650 2230 686 2293 in
716 2228 800 2292 uilla
828 2237 863 2292 et
888 2236 1001 2305 extra,
1020 2228 1055 2291 in
1073 2229 1132 2292 uia
1155 2238 1190 2294 et

135 2337 251 2408 extra,
268 2330 305 2393 in
326 2329 465 2412 placito,
492 2329 529 2392 in
558 2348 640 2393 socc
667 2335 702 2392 et
728 2348 822 2405 saca,
844 2330 879 2392 in
906 2329 1077 2405 theloneo,
1095 2337 1131 2393 et
1152 2331 1189 2393 in

135 2432 298 2495 omnibus
328 2431 401 2494 suis
433 2428 646 2511 appendiciis
671 2428 831 2492 habeant.
888 2428 1055 2511 Quisquis
1084 2429 1190 2510 igitur

135 2530 290 2595 fidelium
312 2529 402 2594 hanc
423 2538 576 2593 nostram
598 2528 866 2592 munificentiam
884 2528 1095 2610 amplificare
1110 2550 1190 2611 pro-

135 2631 223 2714 priis
246 2630 347 2695 donis
374 2629 553 2712 sategerit,
570 2636 770 2710 augmentet
793 2628 843 2692 illi
866 2630 1083 2711 omnipotens
1105 2630 1190 2694 deus

134 2731 304 2814 gaudium
319 2749 467 2813 perenne
480 2730 539 2793 ubi
554 2729 767 2811 perpetuitas
784 2729 888 2810 uiget.
942 2729 979 2793 Si
996 2730 1074 2813 quis
1093 2750 1188 2809 uero,

134 2830 231 2915 quod
255 2831 357 2909 absit,
384 2849 460 2895 eam
483 2828 659 2893 destruere
685 2829 835 2893 uoluerit
861 2829 917 2893 uel
949 2830 1051 2894 huius
1080 2834 1189 2896 nostri

134 2931 266 2996 decreti
280 2929 525 3008 contradictor,
542 2929 739 3006 conuulsor,
753 2938 788 2992 et
802 2937 989 2994 temerator
1004 2932 1189 3008 exstiterit,

135 3038 305 3116 perpetuo
327 3029 540 3095 anathemati
561 3030 750 3105 subiaceat,
776 3029 842 3093 nisi
865 3029 930 3093 deo
955 3039 991 3094 et
1015 3032 1089 3095 eius
1115 3032 1190 3112 glo·

135 3134 250 3197 riosae
276 3132 380 3196 matri
402 3131 509 3212 digna
535 3130 749 3212 poenitentia
776 3130 992 3194 satisfecerit.
1052 3130 1189 3212 Scripta

135 3240 191 3298 est
208 3250 359 3316 namque
376 3231 461 3296 haec
477 3229 653 3308 schedula,
665 3250 719 3293 me
736 3231 886 3304 iubente,
903 3236 937 3292 et
953 3228 1118 3309 sigillata,
1137 3230 1189 3293 his

136 3332 285 3398 testibus
322 3349 468 3416 quorum
500 3337 664 3395 onomata
692 3329 782 3394 infra
813 3329 983 3393 habentur
1017 3330 1188 3394 consenti-

138 3433 289 3510 entibus,
306 3431 458 3496 secundo
477 3428 643 3495 kalendas
660 3431 874 3494 Decembris

192 3534 232 3615 ›1‹
259 3532 337 3614 Ego
363 3531 577 3596 Eadwardus
604 3550 667 3594 rex
696 3531 760 3594 deo
792 3529 961 3611 largiente
994 3526 1189 3610 Anglorum

136 3633 275 3715 signum
289 3631 506 3696 uenerandae
523 3630 634 3695 crucis
656 3630 825 3713 impressi.
883 3632 922 3711 ιχ(
938 3628 1015 3710 Ego
1027 3627 1191 3709 Stigaud-

135 3752 178 3799 ns
219 3732 499 3815 archiepiscopus
546 3730 698 3794 concessi
738 3737 773 3794 et
811 3728 1047 3793 confirmando
1089 3727 1190 3807 signo

136 3840 280 3899 sauctae
295 3833 406 3897 crucis
422 3830 637 3914 consignaui.
703 3832 742 3913 ›1‹
763 3829 839 3910 Ego
856 3827 1062 3892 AEtielredus
1079 3827 1192 3891 archi-

136 3933 320 4018 episcopus
341 3939 521 4016 gratanter
537 3929 769 3994 corroboraui.
841 3931 880 4010 ιχ(
904 3929 979 4009 Ego
996 3927 1192 3993 Wlfstanus

138 4033 322 4117 episcopus
340 4032 471 4096 uexillo
488 4039 631 4096 sanctae
647 4031 758 4094 crucis
775 4027 990 4111 praeuotaui.
1056 4030 1095 4109 ιχ(
1116 4028 1192 4110 Ego

138 4132 239 4218 Gyso
259 4134 443 4216 episcopus
468 4139 720 4196 consentaneus
744 4129 804 4193 fui.
861 4131 899 4212 ›1‹
924 4128 1000 4210 Ego
1016 4128 1193 4193 Walterus

1045 4263 1058 4297 ι
1075 4253 1090 4296 a
