<?xml version="1.0" encoding="UTF-8"?>
<!DOCTYPE html PUBLIC "-//W3C//DTD XHTML 1.0 Transitional//EN"
    "http://www.w3.org/TR/xhtml1/DTD/xhtml1-transitional.dtd">
<html xmlns="http://www.w3.org/1999/xhtml" xml:lang="en" lang="en">
 <head>
  <title>
</title>
<meta http-equiv="Content-Type" content="text/html;charset=utf-8" />
  <meta name='ocr-system' content='tesseract 3.04.00' />
  <meta name='ocr-capabilities' content='ocr_page ocr_carea ocr_par ocr_line ocrx_word'/>
</head>
<body>
  <div class='ocr_page' id='page_1' title='image "./codexdiplomatic03kembgoog_0282.png"; bbox 0 0 2902 4890; ppageno 0'>
   <div class='ocr_carea' id='block_1_1' title="bbox 446 351 1284 419">
    <p class='ocr_par' dir='ltr' id='par_1_1' title="bbox 446 351 1284 419">
     <span class='ocr_line' id='line_1_1' title="bbox 446 351 1284 419; baseline -0.012 0"><span class='ocrx_word' id='word_1_1' title='bbox 446 369 619 419; x_wconf 73' lang='lat' dir='ltr'>cnuarnn</span> <span class='ocrx_word' id='word_1_2' title='bbox 641 368 980 418; x_wconf 73' lang='lat' dir='ltr'>Anonosuxourclu.</span> <span class='ocrx_word' id='word_1_3' title='bbox 1182 351 1248 416; x_wconf 78' lang='lat'>255</span> <span class='ocrx_word' id='word_1_4' title='bbox 1281 404 1284 409; x_wconf 85' lang='lat'><em>.</em></span> 
     </span>
    </p>
   </div>
   <div class='ocr_carea' id='block_1_2' title="bbox 192 526 1335 1113">
    <p class='ocr_par' dir='ltr' id='par_1_2' title="bbox 192 526 1335 1113">
     <span class='ocr_line' id='line_1_2' title="bbox 192 526 1246 593; baseline -0.002 -2"><span class='ocrx_word' id='word_1_5' title='bbox 192 528 308 592; x_wconf 91' lang='lat' dir='ltr'>uerint</span> <span class='ocrx_word' id='word_1_6' title='bbox 331 527 456 593; x_wconf 83' lang='lat' dir='ltr'>fratres</span> <span class='ocrx_word' id='word_1_7' title='bbox 486 528 638 593; x_wconf 90' lang='lat' dir='ltr'>eiusdem</span> <span class='ocrx_word' id='word_1_8' title='bbox 667 527 832 592; x_wconf 89' lang='lat' dir='ltr'>coenobii.</span> <span class='ocrx_word' id='word_1_9' title='bbox 886 526 936 590; x_wconf 91' lang='lat' dir='ltr'>Ut</span> <span class='ocrx_word' id='word_1_10' title='bbox 965 532 1080 590; x_wconf 89' lang='lat' dir='ltr'>autem</span> <span class='ocrx_word' id='word_1_11' title='bbox 1112 528 1246 591; x_wconf 88' lang='lat' dir='ltr'>cunctis</span> 
     </span>
     <span class='ocr_line' id='line_1_3' title="bbox 193 627 1335 712; baseline -0.002 -22"><span class='ocrx_word' id='word_1_12' title='bbox 193 627 279 693; x_wconf 91' lang='lat' dir='ltr'>baec</span> <span class='ocrx_word' id='word_1_13' title='bbox 311 629 640 712; x_wconf 80' lang='lat' dir='ltr'><strong>transgredientibus</strong></span> <span class='ocrx_word' id='word_1_14' title='bbox 670 628 715 691; x_wconf 91' lang='lat' dir='ltr'>ad</span> <span class='ocrx_word' id='word_1_15' title='bbox 753 627 1008 691; x_wconf 82' lang='lat' dir='ltr'>damnationem</span> <span class='ocrx_word' id='word_1_16' title='bbox 1042 646 1140 692; x_wconf 89' lang='lat' dir='ltr'>snam</span> <span class='ocrx_word' id='word_1_17' title='bbox 1173 627 1246 690; x_wconf 91' lang='lat' dir='ltr'>eui·</span> <span class='ocrx_word' id='word_1_18' title='bbox 1333 674 1335 678; x_wconf 89' lang='lat'>.</span> 
     </span>
     <span class='ocr_line' id='line_1_4' title="bbox 194 728 1246 811; baseline 0 -20"><span class='ocrx_word' id='word_1_19' title='bbox 194 728 316 793; x_wconf 90' lang='lat' dir='ltr'>denter</span> <span class='ocrx_word' id='word_1_20' title='bbox 341 730 454 811; x_wconf 85' lang='lat' dir='ltr'><strong>possit</strong></span> <span class='ocrx_word' id='word_1_21' title='bbox 479 729 616 794; x_wconf 89' lang='lat' dir='ltr'>ostendi</span> <span class='ocrx_word' id='word_1_22' title='bbox 637 729 757 794; x_wconf 82' lang='lat' dir='ltr'><strong>literas</strong></span> <span class='ocrx_word' id='word_1_23' title='bbox 782 729 907 791; x_wconf 92' lang='lat' dir='ltr'>summi</span> <span class='ocrx_word' id='word_1_24' title='bbox 931 728 1104 811; x_wconf 89' lang='lat' dir='ltr'>pontificis</span> <span class='ocrx_word' id='word_1_25' title='bbox 1135 746 1246 810; x_wconf 90' lang='lat' dir='ltr'>papae</span> 
     </span>
     <span class='ocr_line' id='line_1_5' title="bbox 195 824 1246 914; baseline 0 -22"><span class='ocrx_word' id='word_1_26' title='bbox 195 826 389 894; x_wconf 79' lang='lat' dir='ltr'>Alexandri</span> <span class='ocrx_word' id='word_1_27' title='bbox 404 849 491 914; x_wconf 90' lang='lat' dir='ltr'>quas</span> <span class='ocrx_word' id='word_1_28' title='bbox 513 831 617 894; x_wconf 89' lang='lat' dir='ltr'>abeo</span> <span class='ocrx_word' id='word_1_29' title='bbox 637 824 863 912; x_wconf 67' lang='lat' dir='ltr'>suscepimus</span> <span class='ocrx_word' id='word_1_30' title='bbox 888 828 1036 892; x_wconf 89' lang='lat' dir='ltr'>directas</span> <span class='ocrx_word' id='word_1_31' title='bbox 1053 835 1125 893; x_wconf 89' lang='lat' dir='ltr'>tam</span> <span class='ocrx_word' id='word_1_32' title='bbox 1149 835 1246 910; x_wconf 91' lang='lat' dir='ltr'>post·</span> 
     </span>
     <span class='ocr_line' id='line_1_6' title="bbox 195 928 1162 1013; baseline -0.003 -20"><span class='ocrx_word' id='word_1_33' title='bbox 195 929 264 994; x_wconf 87' lang='lat' dir='ltr'>eris</span> <span class='ocrx_word' id='word_1_34' title='bbox 279 949 383 1013; x_wconf 90' lang='lat' dir='ltr'>qnam</span> <span class='ocrx_word' id='word_1_35' title='bbox 400 931 638 1013; x_wconf 88' lang='lat' dir='ltr'>praesentibus</span> <span class='ocrx_word' id='word_1_36' title='bbox 655 930 711 993; x_wconf 93' lang='lat' dir='ltr'>hic</span> <span class='ocrx_word' id='word_1_37' title='bbox 726 928 938 993; x_wconf 83' lang='lat' dir='ltr'>manifestari</span> <span class='ocrx_word' id='word_1_38' title='bbox 954 929 1162 992; x_wconf 90' lang='lat' dir='ltr'>curauimus.</span> 
     </span>
     <span class='ocr_line' id='line_1_7' title="bbox 247 1027 1247 1113; baseline 0 -20"><span class='ocrx_word' id='word_1_39' title='bbox 247 1027 448 1095; x_wconf 83' lang='lat' dir='ltr'>Alexander</span> <span class='ocrx_word' id='word_1_40' title='bbox 473 1031 655 1113; x_wconf 89' lang='lat' dir='ltr'>episcopus</span> <span class='ocrx_word' id='word_1_41' title='bbox 683 1049 804 1094; x_wconf 90' lang='lat' dir='ltr'>seruus</span> <span class='ocrx_word' id='word_1_42' title='bbox 835 1049 1014 1094; x_wconf 88' lang='lat' dir='ltr'>seruorum</span> <span class='ocrx_word' id='word_1_43' title='bbox 1039 1029 1095 1093; x_wconf 94' lang='lat' dir='ltr'>dei</span> <span class='ocrx_word' id='word_1_44' title='bbox 1122 1028 1247 1093; x_wconf 90' lang='lat' dir='ltr'>dilecto</span> 
     </span>
    </p>
   </div>
   <div class='ocr_carea' id='block_1_3' title="bbox 195 1129 1261 4218">
    <p class='ocr_par' dir='ltr' id='par_1_3' title="bbox 195 1129 1261 4114">
     <span class='ocr_line' id='line_1_8' title="bbox 195 1129 1248 1213; baseline -0.003 -20"><span class='ocrx_word' id='word_1_45' title='bbox 195 1129 268 1194; x_wconf 83' lang='lat' dir='ltr'>filio</span> <span class='ocrx_word' id='word_1_46' title='bbox 285 1130 477 1196; x_wconf 89' lang='lat' dir='ltr'>Eadwardo</span> <span class='ocrx_word' id='word_1_47' title='bbox 493 1132 568 1213; x_wconf 91' lang='lat' dir='ltr'>regi</span> <span class='ocrx_word' id='word_1_48' title='bbox 585 1130 780 1212; x_wconf 84' lang='lat' dir='ltr'>Anglorum</span> <span class='ocrx_word' id='word_1_49' title='bbox 803 1129 949 1195; x_wconf 85' lang='lat' dir='ltr'>salutem</span> <span class='ocrx_word' id='word_1_50' title='bbox 972 1137 1008 1195; x_wconf 87' lang='lat' dir='ltr'>et</span> <span class='ocrx_word' id='word_1_51' title='bbox 1023 1129 1248 1213; x_wconf 91' lang='lat' dir='ltr'>apostolicam</span> 
     </span>
     <span class='ocr_line' id='line_1_9' title="bbox 196 1229 1248 1314; baseline -0.002 -21"><span class='ocrx_word' id='word_1_52' title='bbox 196 1231 479 1296; x_wconf 85' lang='lat' dir='ltr'>benedictionem.</span> <span class='ocrx_word' id='word_1_53' title='bbox 525 1232 738 1314; x_wconf 84' lang='lat' dir='ltr'>Scriptorum</span> <span class='ocrx_word' id='word_1_54' title='bbox 754 1239 946 1296; x_wconf 88' lang='lat' dir='ltr'>uestrorum</span> <span class='ocrx_word' id='word_1_55' title='bbox 961 1230 1099 1314; x_wconf 88' lang='lat' dir='ltr'>eloquia</span> <span class='ocrx_word' id='word_1_56' title='bbox 1116 1229 1248 1293; x_wconf 92' lang='lat' dir='ltr'>incolu-</span> 
     </span>
     <span class='ocr_line' id='line_1_10' title="bbox 197 1330 1250 1414; baseline -0.002 -21"><span class='ocrx_word' id='word_1_57' title='bbox 197 1330 352 1396; x_wconf 89' lang='lat' dir='ltr'>mitatem</span> <span class='ocrx_word' id='word_1_58' title='bbox 367 1339 521 1395; x_wconf 88' lang='lat' dir='ltr'>uestram</span> <span class='ocrx_word' id='word_1_59' title='bbox 536 1332 767 1414; x_wconf 88' lang='lat' dir='ltr'>significantia</span> <span class='ocrx_word' id='word_1_60' title='bbox 784 1331 867 1395; x_wconf 90' lang='lat' dir='ltr'>laeti</span> <span class='ocrx_word' id='word_1_61' title='bbox 883 1332 1108 1413; x_wconf 87' lang='lat' dir='ltr'>suscepimus,</span> <span class='ocrx_word' id='word_1_62' title='bbox 1118 1330 1250 1412; x_wconf 88' lang='lat' dir='ltr'>gratias</span> 
     </span>
     <span class='ocr_line' id='line_1_11' title="bbox 197 1430 1250 1515; baseline -0.001 -22"><span class='ocrx_word' id='word_1_63' title='bbox 197 1430 315 1514; x_wconf 90' lang='lat' dir='ltr'>itaque</span> <span class='ocrx_word' id='word_1_64' title='bbox 343 1431 570 1515; x_wconf 89' lang='lat' dir='ltr'>omnipotenti</span> <span class='ocrx_word' id='word_1_65' title='bbox 604 1432 669 1496; x_wconf 91' lang='lat' dir='ltr'>deo</span> <span class='ocrx_word' id='word_1_66' title='bbox 697 1432 877 1496; x_wconf 88' lang='lat' dir='ltr'>retulimus</span> <span class='ocrx_word' id='word_1_67' title='bbox 907 1432 968 1514; x_wconf 92' lang='lat' dir='ltr'>qui</span> <span class='ocrx_word' id='word_1_68' title='bbox 1000 1430 1111 1495; x_wconf 90' lang='lat' dir='ltr'>cordis</span> <span class='ocrx_word' id='word_1_69' title='bbox 1143 1430 1250 1493; x_wconf 89' lang='lat' dir='ltr'>uestri</span> 
     </span>
     <span class='ocr_line' id='line_1_12' title="bbox 198 1529 1250 1607; baseline -0.003 -13"><span class='ocrx_word' id='word_1_70' title='bbox 198 1531 430 1596; x_wconf 86' lang='lat' dir='ltr'>sinceritatem</span> <span class='ocrx_word' id='word_1_71' title='bbox 453 1532 496 1595; x_wconf 90' lang='lat' dir='ltr'>ad</span> <span class='ocrx_word' id='word_1_72' title='bbox 516 1532 632 1607; x_wconf 82' lang='lat' dir='ltr'>omnia</span> <span class='ocrx_word' id='word_1_73' title='bbox 647 1532 748 1596; x_wconf 90' lang='lat' dir='ltr'>utilia</span> <span class='ocrx_word' id='word_1_74' title='bbox 764 1539 906 1595; x_wconf 86' lang='lat' dir='ltr'>sanctae</span> <span class='ocrx_word' id='word_1_75' title='bbox 923 1532 1044 1596; x_wconf 91' lang='lat' dir='ltr'>matris</span> <span class='ocrx_word' id='word_1_76' title='bbox 1062 1529 1250 1594; x_wconf 86' lang='lat' dir='ltr'>aecclesiae</span> 
     </span>
     <span class='ocr_line' id='line_1_13' title="bbox 198 1630 1250 1715; baseline -0.002 -21"><span class='ocrx_word' id='word_1_77' title='bbox 198 1633 411 1715; x_wconf 83' lang='lat' dir='ltr'>compungit.</span> <span class='ocrx_word' id='word_1_78' title='bbox 464 1631 616 1696; x_wconf 89' lang='lat' dir='ltr'>Proinde</span> <span class='ocrx_word' id='word_1_79' title='bbox 635 1633 736 1696; x_wconf 89' lang='lat' dir='ltr'>iuxta</span> <span class='ocrx_word' id='word_1_80' title='bbox 758 1633 888 1713; x_wconf 90' lang='lat' dir='ltr'>scripta</span> <span class='ocrx_word' id='word_1_81' title='bbox 902 1638 1020 1694; x_wconf 90' lang='lat' dir='ltr'>uestra</span> <span class='ocrx_word' id='word_1_82' title='bbox 1041 1630 1250 1696; x_wconf 89' lang='lat' dir='ltr'>monasterio</span> 
     </span>
     <span class='ocr_line' id='line_1_14' title="bbox 199 1731 1250 1797; baseline -0.001 -3"><span class='ocrx_word' id='word_1_83' title='bbox 199 1738 340 1797; x_wconf 88' lang='lat' dir='ltr'>sanctae</span> <span class='ocrx_word' id='word_1_84' title='bbox 365 1731 500 1797; x_wconf 88' lang='lat' dir='ltr'>Mariae</span> <span class='ocrx_word' id='word_1_85' title='bbox 521 1733 564 1796; x_wconf 90' lang='lat' dir='ltr'>de</span> <span class='ocrx_word' id='word_1_86' title='bbox 586 1731 777 1797; x_wconf 86' lang='lat' dir='ltr'>Gouentria</span> <span class='ocrx_word' id='word_1_87' title='bbox 798 1733 858 1795; x_wconf 91' lang='lat' dir='ltr'>ubi</span> <span class='ocrx_word' id='word_1_88' title='bbox 884 1751 1063 1796; x_wconf 87' lang='lat' dir='ltr'>seruorum</span> <span class='ocrx_word' id='word_1_89' title='bbox 1087 1731 1142 1794; x_wconf 93' lang='lat' dir='ltr'>dei</span> <span class='ocrx_word' id='word_1_90' title='bbox 1169 1750 1250 1794; x_wconf 93' lang='lat' dir='ltr'>con·</span> 
     </span>
     <span class='ocr_line' id='line_1_15' title="bbox 200 1829 1249 1921; baseline -0.002 -27"><span class='ocrx_word' id='word_1_91' title='bbox 200 1832 325 1921; x_wconf 72' lang='lat' dir='ltr'>stituta</span> <span class='ocrx_word' id='word_1_92' title='bbox 346 1839 399 1897; x_wconf 88' lang='lat' dir='ltr'>est</span> <span class='ocrx_word' id='word_1_93' title='bbox 418 1833 643 1916; x_wconf 85' lang='lat' dir='ltr'>congregatio</span> <span class='ocrx_word' id='word_1_94' title='bbox 669 1853 691 1896; x_wconf 93' lang='lat' dir='ltr'>a</span> <span class='ocrx_word' id='word_1_95' title='bbox 712 1831 921 1896; x_wconf 90' lang='lat' dir='ltr'>reuerendae</span> <span class='ocrx_word' id='word_1_96' title='bbox 945 1833 1130 1897; x_wconf 90' lang='lat' dir='ltr'>memoriae</span> <span class='ocrx_word' id='word_1_97' title='bbox 1149 1829 1249 1893; x_wconf 85' lang='lat' dir='ltr'>Leos-</span> 
     </span>
     <span class='ocr_line' id='line_1_16' title="bbox 200 1931 1251 2016; baseline -0.001 -22"><span class='ocrx_word' id='word_1_98' title='bbox 200 1931 271 1996; x_wconf 91' lang='lat' dir='ltr'>rico</span> <span class='ocrx_word' id='word_1_99' title='bbox 288 1932 376 1997; x_wconf 88' lang='lat' dir='ltr'>duce</span> <span class='ocrx_word' id='word_1_100' title='bbox 392 1952 503 2016; x_wconf 90' lang='lat' dir='ltr'>nuper</span> <span class='ocrx_word' id='word_1_101' title='bbox 517 1940 710 2010; x_wconf 84' lang='lat' dir='ltr'>exstructo,</span> <span class='ocrx_word' id='word_1_102' title='bbox 727 1933 922 1996; x_wconf 92' lang='lat' dir='ltr'>huiusmodi</span> <span class='ocrx_word' id='word_1_103' title='bbox 943 1931 1126 2016; x_wconf 87' lang='lat' dir='ltr'>priuilegia</span> <span class='ocrx_word' id='word_1_104' title='bbox 1151 1949 1251 2012; x_wconf 89' lang='lat' dir='ltr'>prae-</span> 
     </span>
     <span class='ocr_line' id='line_1_17' title="bbox 199 2030 1253 2114; baseline -0.002 -19"><span class='ocrx_word' id='word_1_105' title='bbox 199 2031 309 2096; x_wconf 87' lang='lat' dir='ltr'>sentis</span> <span class='ocrx_word' id='word_1_106' title='bbox 340 2032 562 2098; x_wconf 87' lang='lat' dir='ltr'>authoritatis</span> <span class='ocrx_word' id='word_1_107' title='bbox 593 2040 731 2098; x_wconf 89' lang='lat' dir='ltr'>nostrae</span> <span class='ocrx_word' id='word_1_108' title='bbox 762 2032 992 2114; x_wconf 85' lang='lat' dir='ltr'>indulgemus,</span> <span class='ocrx_word' id='word_1_109' title='bbox 1025 2030 1253 2107; x_wconf 88' lang='lat' dir='ltr'>concedimus,</span> 
     </span>
     <span class='ocr_line' id='line_1_18' title="bbox 200 2130 1252 2216; baseline -0.004 -20"><span class='ocrx_word' id='word_1_110' title='bbox 200 2138 308 2216; x_wconf 86' lang='lat' dir='ltr'>atque</span> <span class='ocrx_word' id='word_1_111' title='bbox 345 2133 599 2212; x_wconf 88' lang='lat' dir='ltr'>confirmamus,</span> <span class='ocrx_word' id='word_1_112' title='bbox 625 2140 818 2198; x_wconf 88' lang='lat' dir='ltr'>statuentes</span> <span class='ocrx_word' id='word_1_113' title='bbox 841 2141 881 2196; x_wconf 93' lang='lat' dir='ltr'>ut</span> <span class='ocrx_word' id='word_1_114' title='bbox 907 2134 982 2215; x_wconf 93' lang='lat' dir='ltr'>ipse</span> <span class='ocrx_word' id='word_1_115' title='bbox 1014 2131 1111 2197; x_wconf 89' lang='lat' dir='ltr'>locus</span> <span class='ocrx_word' id='word_1_116' title='bbox 1146 2130 1252 2212; x_wconf 87' lang='lat' dir='ltr'>regiis</span> 
     </span>
     <span class='ocr_line' id='line_1_19' title="bbox 199 2230 1254 2317; baseline -0.003 -21"><span class='ocrx_word' id='word_1_117' title='bbox 199 2233 394 2315; x_wconf 88' lang='lat' dir='ltr'>praeceptis</span> <span class='ocrx_word' id='word_1_118' title='bbox 422 2241 458 2298; x_wconf 91' lang='lat' dir='ltr'>et</span> <span class='ocrx_word' id='word_1_119' title='bbox 481 2233 672 2317; x_wconf 85' lang='lat' dir='ltr'>priuilegiis</span> <span class='ocrx_word' id='word_1_120' title='bbox 695 2233 895 2316; x_wconf 89' lang='lat' dir='ltr'>apostolicis</span> <span class='ocrx_word' id='word_1_121' title='bbox 920 2232 1028 2297; x_wconf 88' lang='lat' dir='ltr'>fultus</span> <span class='ocrx_word' id='word_1_122' title='bbox 1051 2251 1112 2315; x_wconf 93' lang='lat' dir='ltr'>per</span> <span class='ocrx_word' id='word_1_123' title='bbox 1139 2230 1254 2295; x_wconf 90' lang='lat' dir='ltr'>omnia</span> 
     </span>
     <span class='ocr_line' id='line_1_20' title="bbox 200 2331 1253 2417; baseline -0.001 -22"><span class='ocrx_word' id='word_1_124' title='bbox 200 2338 359 2415; x_wconf 87' lang='lat' dir='ltr'>tempora</span> <span class='ocrx_word' id='word_1_125' title='bbox 371 2334 443 2398; x_wconf 90' lang='lat' dir='ltr'>sine</span> <span class='ocrx_word' id='word_1_126' title='bbox 458 2334 713 2400; x_wconf 89' lang='lat' dir='ltr'>conuexatione</span> <span class='ocrx_word' id='word_1_127' title='bbox 727 2334 972 2417; x_wconf 91' lang='lat' dir='ltr'>cuiuscumque</span> <span class='ocrx_word' id='word_1_128' title='bbox 988 2332 1163 2396; x_wconf 89' lang='lat' dir='ltr'>diocesani</span> <span class='ocrx_word' id='word_1_129' title='bbox 1181 2331 1253 2412; x_wconf 92' lang='lat' dir='ltr'>epi-</span> 
     </span>
     <span class='ocr_line' id='line_1_21' title="bbox 201 2433 1254 2516; baseline -0.003 -20"><span class='ocrx_word' id='word_1_130' title='bbox 201 2433 309 2516; x_wconf 91' lang='lat' dir='ltr'>scopi,</span> <span class='ocrx_word' id='word_1_131' title='bbox 333 2440 395 2498; x_wconf 90' lang='lat' dir='ltr'>aut</span> <span class='ocrx_word' id='word_1_132' title='bbox 414 2433 560 2498; x_wconf 89' lang='lat' dir='ltr'>alicuius</span> <span class='ocrx_word' id='word_1_133' title='bbox 583 2434 780 2499; x_wconf 89' lang='lat' dir='ltr'>iudiciariae</span> <span class='ocrx_word' id='word_1_134' title='bbox 802 2433 985 2516; x_wconf 89' lang='lat' dir='ltr'>potestatis</span> <span class='ocrx_word' id='word_1_135' title='bbox 1009 2433 1254 2514; x_wconf 89' lang='lat' dir='ltr'>cuiuscumque</span> 
     </span>
     <span class='ocr_line' id='line_1_22' title="bbox 203 2532 1255 2616; baseline -0.004 -18"><span class='ocrx_word' id='word_1_136' title='bbox 203 2532 333 2598; x_wconf 91' lang='lat' dir='ltr'>ordinis</span> <span class='ocrx_word' id='word_1_137' title='bbox 354 2534 412 2598; x_wconf 90' lang='lat' dir='ltr'>uel</span> <span class='ocrx_word' id='word_1_138' title='bbox 433 2534 613 2616; x_wconf 88' lang='lat' dir='ltr'>dignitatis</span> <span class='ocrx_word' id='word_1_139' title='bbox 636 2536 694 2612; x_wconf 91' lang='lat' dir='ltr'>sit,</span> <span class='ocrx_word' id='word_1_140' title='bbox 712 2534 772 2598; x_wconf 90' lang='lat' dir='ltr'>sed</span> <span class='ocrx_word' id='word_1_141' title='bbox 798 2553 933 2616; x_wconf 91' lang='lat' dir='ltr'>semper</span> <span class='ocrx_word' id='word_1_142' title='bbox 959 2534 1049 2596; x_wconf 91' lang='lat' dir='ltr'>sicut</span> <span class='ocrx_word' id='word_1_143' title='bbox 1072 2539 1255 2613; x_wconf 85' lang='lat' dir='ltr'>praeoptat</span> 
     </span>
     <span class='ocr_line' id='line_1_23' title="bbox 202 2624 1255 2716; baseline -0.005 -18"><span class='ocrx_word' id='word_1_144' title='bbox 202 2639 239 2698; x_wconf 87' lang='lat' dir='ltr'>et</span> <span class='ocrx_word' id='word_1_145' title='bbox 267 2635 403 2716; x_wconf 85' lang='lat' dir='ltr'>expetit</span> <span class='ocrx_word' id='word_1_146' title='bbox 435 2624 677 2699; x_wconf 89' lang='lat' dir='ltr'>beneuolentia</span> <span class='ocrx_word' id='word_1_147' title='bbox 708 2641 770 2699; x_wconf 92' lang='lat' dir='ltr'>tua</span> <span class='ocrx_word' id='word_1_148' title='bbox 801 2633 927 2715; x_wconf 90' lang='lat' dir='ltr'>regalis</span> <span class='ocrx_word' id='word_1_149' title='bbox 959 2633 1076 2697; x_wconf 88' lang='lat' dir='ltr'>futuro</span> <span class='ocrx_word' id='word_1_150' title='bbox 1102 2638 1255 2713; x_wconf 90' lang='lat' dir='ltr'>tempore</span> 
     </span>
     <span class='ocr_line' id='line_1_24' title="bbox 202 2733 1255 2817; baseline -0.003 -20"><span class='ocrx_word' id='word_1_151' title='bbox 202 2741 412 2816; x_wconf 89' lang='lat' dir='ltr'>permaneat.</span> <span class='ocrx_word' id='word_1_152' title='bbox 466 2734 608 2799; x_wconf 83' lang='lat' dir='ltr'>Fratres</span> <span class='ocrx_word' id='word_1_153' title='bbox 634 2736 741 2817; x_wconf 86' lang='lat' dir='ltr'>igitur</span> <span class='ocrx_word' id='word_1_154' title='bbox 767 2733 919 2798; x_wconf 92' lang='lat' dir='ltr'>eiusdem</span> <span class='ocrx_word' id='word_1_155' title='bbox 945 2733 1013 2798; x_wconf 93' lang='lat' dir='ltr'>loci</span> <span class='ocrx_word' id='word_1_156' title='bbox 1041 2733 1182 2796; x_wconf 91' lang='lat' dir='ltr'>idoneos</span> <span class='ocrx_word' id='word_1_157' title='bbox 1210 2751 1255 2794; x_wconf 87' lang='lat' dir='ltr'>ex</span> 
     </span>
     <span class='ocr_line' id='line_1_25' title="bbox 202 2831 1256 2918; baseline -0.003 -21"><span class='ocrx_word' id='word_1_158' title='bbox 202 2852 242 2898; x_wconf 89' lang='lat' dir='ltr'>se</span> <span class='ocrx_word' id='word_1_159' title='bbox 269 2834 326 2898; x_wconf 91' lang='lat' dir='ltr'>uel</span> <span class='ocrx_word' id='word_1_160' title='bbox 353 2855 399 2898; x_wconf 84' lang='lat' dir='ltr'>ex</span> <span class='ocrx_word' id='word_1_161' title='bbox 420 2855 491 2918; x_wconf 90' lang='lat' dir='ltr'>qua</span> <span class='ocrx_word' id='word_1_162' title='bbox 518 2835 692 2900; x_wconf 91' lang='lat' dir='ltr'>noluerint</span> <span class='ocrx_word' id='word_1_163' title='bbox 716 2835 986 2918; x_wconf 84' lang='lat' dir='ltr'>congregatione</span> <span class='ocrx_word' id='word_1_164' title='bbox 1011 2834 1154 2898; x_wconf 90' lang='lat' dir='ltr'>abbates</span> <span class='ocrx_word' id='word_1_165' title='bbox 1182 2831 1256 2896; x_wconf 90' lang='lat' dir='ltr'>siue</span> 
     </span>
     <span class='ocr_line' id='line_1_26' title="bbox 204 2933 1256 3018; baseline -0.002 -21"><span class='ocrx_word' id='word_1_166' title='bbox 204 2933 353 2999; x_wconf 90' lang='lat' dir='ltr'>decanos</span> <span class='ocrx_word' id='word_1_167' title='bbox 370 2934 436 2998; x_wconf 91' lang='lat' dir='ltr'>sibi</span> <span class='ocrx_word' id='word_1_168' title='bbox 452 2955 514 3018; x_wconf 90' lang='lat' dir='ltr'>per</span> <span class='ocrx_word' id='word_1_169' title='bbox 528 2937 765 3002; x_wconf 86' lang='lat' dir='ltr'>successiones</span> <span class='ocrx_word' id='word_1_170' title='bbox 791 2935 939 3017; x_wconf 88' lang='lat' dir='ltr'>eligendi</span> <span class='ocrx_word' id='word_1_171' title='bbox 958 2934 1109 2998; x_wconf 90' lang='lat' dir='ltr'>habeant</span> <span class='ocrx_word' id='word_1_172' title='bbox 1123 2938 1256 3016; x_wconf 89' lang='lat' dir='ltr'>potest-</span> 
     </span>
     <span class='ocr_line' id='line_1_27' title="bbox 204 3024 1255 3119; baseline -0.001 -21"><span class='ocrx_word' id='word_1_173' title='bbox 204 3041 309 3110; x_wconf 89' lang='lat' dir='ltr'>atem,</span> <span class='ocrx_word' id='word_1_174' title='bbox 335 3041 371 3098; x_wconf 92' lang='lat' dir='ltr'>et</span> <span class='ocrx_word' id='word_1_175' title='bbox 399 3054 442 3098; x_wconf 92' lang='lat' dir='ltr'>ne</span> <span class='ocrx_word' id='word_1_176' title='bbox 469 3036 700 3119; x_wconf 90' lang='lat' dir='ltr'>impediantur</span> <span class='ocrx_word' id='word_1_177' title='bbox 728 3036 935 3100; x_wconf 87' lang='lat' dir='ltr'>auctoritate</span> <span class='ocrx_word' id='word_1_178' title='bbox 961 3024 1155 3116; x_wconf 87' lang='lat' dir='ltr'>apostolica</span> <span class='ocrx_word' id='word_1_179' title='bbox 1178 3052 1255 3114; x_wconf 91' lang='lat' dir='ltr'>pro-</span> 
     </span>
     <span class='ocr_line' id='line_1_28' title="bbox 204 3132 1257 3218; baseline -0.004 -20"><span class='ocrx_word' id='word_1_180' title='bbox 204 3133 395 3203; x_wconf 55' lang='lat' dir='ltr'>hibemus&lt;</span> <span class='ocrx_word' id='word_1_181' title='bbox 425 3134 612 3200; x_wconf 86' lang='lat' dir='ltr'>Praeterea</span> <span class='ocrx_word' id='word_1_182' title='bbox 629 3135 790 3218; x_wconf 92' lang='lat' dir='ltr'>quicquid</span> <span class='ocrx_word' id='word_1_183' title='bbox 813 3134 864 3198; x_wconf 91' lang='lat' dir='ltr'>illi</span> <span class='ocrx_word' id='word_1_184' title='bbox 886 3135 963 3197; x_wconf 91' lang='lat' dir='ltr'>loco</span> <span class='ocrx_word' id='word_1_185' title='bbox 986 3132 1183 3209; x_wconf 89' lang='lat' dir='ltr'>contuleris,</span> <span class='ocrx_word' id='word_1_186' title='bbox 1201 3132 1257 3195; x_wconf 89' lang='lat' dir='ltr'>uel</span> 
     </span>
     <span class='ocr_line' id='line_1_29' title="bbox 206 3234 1256 3313; baseline -0.005 -14"><span class='ocrx_word' id='word_1_187' title='bbox 206 3235 371 3299; x_wconf 87' lang='lat' dir='ltr'>collatum</span> <span class='ocrx_word' id='word_1_188' title='bbox 398 3241 463 3312; x_wconf 90' lang='lat' dir='ltr'>est,</span> <span class='ocrx_word' id='word_1_189' title='bbox 493 3235 548 3299; x_wconf 91' lang='lat' dir='ltr'>uel</span> <span class='ocrx_word' id='word_1_190' title='bbox 572 3234 778 3313; x_wconf 88' lang='lat' dir='ltr'>conferetur,</span> <span class='ocrx_word' id='word_1_191' title='bbox 800 3235 919 3298; x_wconf 90' lang='lat' dir='ltr'>diuina</span> <span class='ocrx_word' id='word_1_192' title='bbox 942 3240 977 3297; x_wconf 92' lang='lat' dir='ltr'>et</span> <span class='ocrx_word' id='word_1_193' title='bbox 1000 3238 1119 3296; x_wconf 89' lang='lat' dir='ltr'>nostra</span> <span class='ocrx_word' id='word_1_194' title='bbox 1136 3238 1256 3294; x_wconf 89' lang='lat' dir='ltr'>aucto-</span> 
     </span>
     <span class='ocr_line' id='line_1_30' title="bbox 205 3330 1256 3418; baseline -0.005 -20"><span class='ocrx_word' id='word_1_195' title='bbox 205 3335 309 3398; x_wconf 88' lang='lat' dir='ltr'>ritate</span> <span class='ocrx_word' id='word_1_196' title='bbox 336 3337 557 3415; x_wconf 84' lang='lat' dir='ltr'>roboramus3</span> <span class='ocrx_word' id='word_1_197' title='bbox 579 3355 711 3400; x_wconf 92' lang='lat' dir='ltr'>necnon</span> <span class='ocrx_word' id='word_1_198' title='bbox 732 3335 915 3418; x_wconf 89' lang='lat' dir='ltr'>priuilegia</span> <span class='ocrx_word' id='word_1_199' title='bbox 937 3338 1055 3396; x_wconf 86' lang='lat' dir='ltr'>uestra</span> <span class='ocrx_word' id='word_1_200' title='bbox 1079 3331 1123 3395; x_wconf 92' lang='lat' dir='ltr'>ad</span> <span class='ocrx_word' id='word_1_201' title='bbox 1151 3330 1256 3394; x_wconf 91' lang='lat' dir='ltr'>hono-</span> 
     </span>
     <span class='ocr_line' id='line_1_31' title="bbox 206 3431 1258 3518; baseline -0.003 -21"><span class='ocrx_word' id='word_1_202' title='bbox 206 3453 279 3499; x_wconf 91' lang='lat' dir='ltr'>rem</span> <span class='ocrx_word' id='word_1_203' title='bbox 304 3433 360 3498; x_wconf 88' lang='lat' dir='ltr'>doi</span> <span class='ocrx_word' id='word_1_204' title='bbox 384 3435 591 3516; x_wconf 91' lang='lat' dir='ltr'>pertinentia</span> <span class='ocrx_word' id='word_1_205' title='bbox 607 3455 697 3518; x_wconf 91' lang='lat' dir='ltr'>quae</span> <span class='ocrx_word' id='word_1_206' title='bbox 720 3435 768 3498; x_wconf 90' lang='lat' dir='ltr'>ibi</span> <span class='ocrx_word' id='word_1_207' title='bbox 789 3433 970 3498; x_wconf 89' lang='lat' dir='ltr'>instituere</span> <span class='ocrx_word' id='word_1_208' title='bbox 990 3431 1142 3496; x_wconf 90' lang='lat' dir='ltr'>uolueris</span> <span class='ocrx_word' id='word_1_209' title='bbox 1167 3438 1258 3511; x_wconf 89' lang='lat' dir='ltr'>grat-</span> 
     </span>
     <span class='ocr_line' id='line_1_32' title="bbox 207 3531 1258 3611; baseline -0.007 -12"><span class='ocrx_word' id='word_1_210' title='bbox 207 3534 281 3599; x_wconf 88' lang='lat' dir='ltr'>anti</span> <span class='ocrx_word' id='word_1_211' title='bbox 309 3533 434 3599; x_wconf 83' lang='lat' dir='ltr'>affeetu</span> <span class='ocrx_word' id='word_1_212' title='bbox 460 3535 656 3611; x_wconf 88' lang='lat' dir='ltr'>annuimus,</span> <span class='ocrx_word' id='word_1_213' title='bbox 683 3534 937 3611; x_wconf 89' lang='lat' dir='ltr'>confirmamus,</span> <span class='ocrx_word' id='word_1_214' title='bbox 963 3538 999 3596; x_wconf 93' lang='lat' dir='ltr'>et</span> <span class='ocrx_word' id='word_1_215' title='bbox 1024 3531 1258 3595; x_wconf 86' lang='lat' dir='ltr'>confirmando</span> 
     </span>
     <span class='ocr_line' id='line_1_33' title="bbox 206 3633 1257 3717; baseline -0.008 -18"><span class='ocrx_word' id='word_1_216' title='bbox 206 3634 459 3717; x_wconf 89' lang='lat' dir='ltr'>imperpetuum</span> <span class='ocrx_word' id='word_1_217' title='bbox 484 3642 577 3699; x_wconf 87' lang='lat' dir='ltr'>stare</span> <span class='ocrx_word' id='word_1_218' title='bbox 602 3635 835 3715; x_wconf 88' lang='lat' dir='ltr'>decreuimus;</span> <span class='ocrx_word' id='word_1_219' title='bbox 859 3642 894 3698; x_wconf 92' lang='lat' dir='ltr'>et</span> <span class='ocrx_word' id='word_1_220' title='bbox 918 3633 1120 3696; x_wconf 87' lang='lat' dir='ltr'>infractores</span> <span class='ocrx_word' id='word_1_221' title='bbox 1140 3650 1257 3695; x_wconf 91' lang='lat' dir='ltr'>eorum</span> 
     </span>
     <span class='ocr_line' id='line_1_34' title="bbox 208 3734 839 3800; baseline -0.003 -1"><span class='ocrx_word' id='word_1_222' title='bbox 208 3741 350 3799; x_wconf 85' lang='lat' dir='ltr'>aeterma</span> <span class='ocrx_word' id='word_1_223' title='bbox 365 3734 605 3800; x_wconf 88' lang='lat' dir='ltr'>maledictione</span> <span class='ocrx_word' id='word_1_224' title='bbox 625 3735 839 3798; x_wconf 87' lang='lat' dir='ltr'>damnamus.</span> 
     </span>
     <span class='ocr_line' id='line_1_35' title="bbox 202 3832 1260 3912; baseline -0.007 -14"><span class='ocrx_word' id='word_1_225' title='bbox 202 3876 205 3881; x_wconf 90' lang='lat'>-</span> <span class='ocrx_word' id='word_1_226' title='bbox 259 3832 363 3898; x_wconf 89' lang='lat' dir='ltr'>Anno</span> <span class='ocrx_word' id='word_1_227' title='bbox 379 3835 627 3900; x_wconf 89' lang='lat' dir='ltr'>incarnationis</span> <span class='ocrx_word' id='word_1_228' title='bbox 643 3834 835 3900; x_wconf 90' lang='lat' dir='ltr'>dominicae</span> <span class='ocrx_word' id='word_1_229' title='bbox 855 3837 1040 3898; x_wconf 81' lang='lat' dir='ltr'>.m⁰.xn111⁰.</span> <span class='ocrx_word' id='word_1_230' title='bbox 1059 3833 1190 3912; x_wconf 87' lang='lat' dir='ltr'>scripta</span> <span class='ocrx_word' id='word_1_231' title='bbox 1207 3836 1260 3893; x_wconf 90' lang='lat' dir='ltr'>est</span> 
     </span>
     <span class='ocr_line' id='line_1_36' title="bbox 207 3929 1261 4017; baseline -0.007 -19"><span class='ocrx_word' id='word_1_232' title='bbox 207 3935 294 3999; x_wconf 87' lang='lat' dir='ltr'>haec</span> <span class='ocrx_word' id='word_1_233' title='bbox 330 3934 542 4017; x_wconf 89' lang='lat' dir='ltr'>syngrapha,</span> <span class='ocrx_word' id='word_1_234' title='bbox 573 3935 639 4000; x_wconf 88' lang='lat' dir='ltr'>hiis</span> <span class='ocrx_word' id='word_1_235' title='bbox 674 3933 967 4000; x_wconf 90' lang='lat' dir='ltr'>consentientibus</span> <span class='ocrx_word' id='word_1_236' title='bbox 1003 3931 1166 3995; x_wconf 90' lang='lat' dir='ltr'>ierarchis</span> <span class='ocrx_word' id='word_1_237' title='bbox 1201 3929 1261 4012; x_wconf 91' lang='lat' dir='ltr'>qui</span> 
     </span>
     <span class='ocr_line' id='line_1_37' title="bbox 208 4035 672 4114; baseline -0.004 -12"><span class='ocrx_word' id='word_1_238' title='bbox 208 4036 329 4102; x_wconf 90' lang='lat' dir='ltr'>subter</span> <span class='ocrx_word' id='word_1_239' title='bbox 344 4035 476 4099; x_wconf 88' lang='lat' dir='ltr'>notati:</span> <span class='ocrx_word' id='word_1_240' title='bbox 499 4035 672 4114; x_wconf 89' lang='lat' dir='ltr'>uidelicet,</span> 
     </span>
    </p>

    <p class='ocr_par' dir='ltr' id='par_1_4' title="bbox 264 4131 1261 4218">
     <span class='ocr_line' id='line_1_38' title="bbox 264 4131 1261 4218; baseline -0.006 -18"><span class='ocrx_word' id='word_1_241' title='bbox 264 4136 304 4218; x_wconf 72' lang='lat'>›1‹</span> <span class='ocrx_word' id='word_1_242' title='bbox 322 4136 398 4218; x_wconf 85' lang='lat' dir='ltr'>Ego</span> <span class='ocrx_word' id='word_1_243' title='bbox 415 4134 628 4200; x_wconf 87' lang='lat' dir='ltr'>Eadwardus</span> <span class='ocrx_word' id='word_1_244' title='bbox 654 4157 717 4202; x_wconf 85' lang='lat' dir='ltr'>rex</span> <span class='ocrx_word' id='word_1_245' title='bbox 743 4135 833 4201; x_wconf 90' lang='lat' dir='ltr'>hanc</span> <span class='ocrx_word' id='word_1_246' title='bbox 855 4152 966 4197; x_wconf 90' lang='lat' dir='ltr'>meam</span> <span class='ocrx_word' id='word_1_247' title='bbox 992 4131 1184 4196; x_wconf 90' lang='lat' dir='ltr'>libertatem</span> <span class='ocrx_word' id='word_1_248' title='bbox 1208 4152 1261 4195; x_wconf 89' lang='lat' dir='ltr'>re-</span> 
     </span>
    </p>
   </div>
   <div class='ocr_carea' id='block_1_4' title="bbox 0 0 1479 4890">
    <p class='ocr_par' dir='ltr' id='par_1_5' title="bbox 0 0 1479 4890">
     <span class='ocr_line' id='line_1_39' title="bbox 0 0 1479 4890; baseline 0 0"><span class='ocrx_word' id='word_1_249' title='bbox 0 0 1479 4890; x_wconf 95' lang='lat' dir='ltr'> </span> 
     </span>
    </p>
   </div>
  </div>
 </body>
</html>
