2902 4890
458 369 630 417 cnnnrln
652 366 994 416 ancnosnxomcnn.
1206 353 1249 417 15

193 528 317 590 statuit
333 527 497 591 confirmo
514 530 568 609 »1«.
623 526 698 609 Ego
711 524 884 590 Godricus
898 525 1053 589 minister
1070 528 1125 607 ᾖ.
1172 526 1247 608 Ego

196 627 409 690 AE’oelwinus
425 628 581 691 minister
602 630 658 709 ᾖ,
705 626 781 707 Ego
799 626 998 692 Durstanus
1018 625 1173 689 minister
1192 629 1248 708 ᾖ.

196 726 272 807 Ego
288 726 431 790 Drumm
448 728 602 790 minister
621 729 676 808 »1«.
724 726 800 806 Ego
814 724 1006 790 Wulfricus
1023 725 1178 789 minister
1193 728 1248 807 ᾖ.

196 826 272 906 Ego
290 826 475 891 AElswinus
499 833 642 908 satrapa
661 829 714 908 »1«.
777 825 852 906 Ego
868 824 1012 906 AElfwig
1029 832 1171 906 satrapa
1194 828 1249 907 »1«.

197 926 273 1006 Ego
284 926 450 989 AElsricus
465 934 608 1007 satrapa
627 928 682 1007 »1«.
734 925 810 1005 Ego
829 923 1021 989 Godwinus
1036 931 1178 1008 satrapa
1193 926 1248 1005 *1⁴-

198 1025 274 1106 Ego
291 1026 523 1091 AElfweardus
546 1031 687 1107 satrapa
704 1024 776 1106 qe]

657 1193 778 1206 -2

578 1320 854 1388 DCCXXXV.

511 1458 694 1541 *CNUT,
721 1463 949 1528 loro-1023.

253 1608 292 1687 ›1‹
316 1605 361 1668 IN
389 1604 525 1669 nomine
556 1605 741 1688 poliarchis
769 1604 875 1668 Ihesu
909 1603 1038 1669 Christi
1064 1605 1249 1672 saluatoris

198 1705 318 1768 mundi
349 1706 525 1786 totiusque
561 1713 739 1768 creaturae
784 1705 960 1780 creatoris
1002 1705 1098 1768 cuius
1133 1706 1249 1770 diuino

199 1805 389 1869 dominatui
410 1824 567 1887 quaeque
585 1805 834 1868 dominationes
860 1804 975 1868 debito
999 1805 1141 1868 seruitio
1165 1807 1247 1868 suh-

198 1905 280 1968 nixo
303 1903 512 1980 deseruiunt,
537 1903 634 1968 cuius
658 1905 761 1968 etiam
784 1903 1073 1984 omnipotentatui
1096 1906 1249 1970 uniuersi

197 2011 399 2087 potentatus
438 2004 664 2067 obsecundari
698 2004 909 2067 examussim
941 2012 1141 2085 properant,
1167 2006 1249 2087 quia

197 2104 335 2168 bonitas
360 2103 432 2167 eins
450 2103 588 2167 bonitas
609 2112 663 2168 est
684 2103 1037 2186 incomprehensibilis
1055 2111 1090 2166 et
1104 2105 1246 2168 misera-

199 2205 248 2268 tio
270 2203 546 2280 interminahilis,
571 2204 752 2286 dapsilitas
772 2203 937 2267 bonitatis
960 2202 1154 2280 ineffabilis,
1172 2204 1248 2268 lon-

199 2304 384 2384 ganimitas
419 2322 557 2384 quoque
586 2323 690 2386 super
722 2321 907 2385 prauorum
939 2303 1111 2385 nequitias
1139 2323 1249 2386 quan-

198 2404 310 2468 titatis
335 2403 538 2484 prolixitate
572 2402 755 2466 cuiuslibet
796 2401 943 2483 longior,
965 2403 1024 2484 qui
1064 2403 1246 2468 cotidianis

199 2503 489 2567 admonitionibus
525 2502 722 2583 religiosam
755 2502 1054 2565 conuersationem
1084 2502 1249 2568 ducentes

198 2609 328 2679 monet,
355 2609 395 2666 ut
423 2602 479 2684 pie
505 2602 670 2666 sectando
697 2602 851 2666 iustitiae
879 2601 1050 2664 culturam
1076 2623 1145 2666 non
1173 2623 1249 2667 earn

199 2702 385 2767 deserendo
409 2701 582 2784 linquant,
601 2703 685 2783 quin
708 2702 823 2784 potins
848 2702 1092 2784 perseuerabili
1113 2702 1247 2768 instan-

197 2803 248 2867 tia
274 2803 310 2865 in
342 2801 417 2865 eius
449 2800 597 2879 cultura,
627 2809 667 2866 ut
691 2807 917 2883 permaneant
946 2808 1091 2882 paterno
1123 2802 1247 2868 affectu

198 2903 369 2979 hortatur,
397 2901 457 2982 qui
485 2901 706 2965 nihilominus
740 2901 859 2965 eadem
896 2899 1076 2966 affectione
1108 2903 1248 2968 mandet

199 3002 436 3086 peccatoribus
463 3007 503 3064 ut
522 3001 726 3083 resipiscant
758 3020 779 3063 a
801 2999 873 3063 suis
900 2999 1140 3082 iniquitatibus
1166 3022 1248 3067 con·
1325 3026 1330 3031 ·

199 3101 475 3183 uertentes,quia
488 3121 606 3166 eorum
623 3107 807 3164 execratur
818 3101 984 3164 mortem!
1018 3101 1105 3164 Eius
1122 3103 1248 3168 amoris

200 3202 339 3267 stimulo
361 3208 397 3265 et
420 3200 487 3265 fide
512 3200 685 3278 suffultus
706 3200 804 3263 cuius
828 3199 990 3280 largiflua
1016 3201 1248 3279 miseratione,

201 3324 268 3384 ego
299 3301 392 3365 Gnut
426 3321 491 3364 rex
526 3301 633 3365 totius
663 3299 824 3364 Albionis
861 3298 995 3362 insulae
1034 3298 1249 3382 aliarumque

201 3403 379 3466 nationum
409 3400 633 3482 plurimarum
662 3401 698 3464 in
725 3398 889 3464 cathedra
921 3397 1030 3479 regali
1059 3406 1250 3480 promotus,

202 3501 443 3566 cumconsilio
463 3507 499 3563 et
523 3500 661 3564 decreto
696 3499 1043 3583 archiepiscoporum,
1070 3499 1249 3584 episcopo-

201 3621 289 3678 rum,
324 3601 500 3676 abbatum,
527 3600 702 3677 comitum,
728 3600 943 3682 aliorumque
975 3599 1126 3662 omnium
1158 3619 1251 3664 meo-

202 3721 277 3766 rum
301 3699 465 3774 fidelium,
492 3698 580 3779 elegi
612 3699 833 3762 sanciendum
856 3704 961 3780 atque
983 3699 1117 3781 perpeti
1141 3701 1249 3762 stabi·
1370 3709 1372 3713 ’

199 3803 343 3866 limento
370 3800 415 3862 ab
441 3798 599 3861 omnibus
624 3798 906 3875 confirmandum,
932 3806 972 3862 ut
1003 3799 1248 3862 monasterium

202 3901 294 3985 quod
330 3897 537 3962 Beadriches
561 3903 675 3962 wor’6e
715 3904 934 3980 nuncupatur
967 3898 1013 3962 sit
1048 3918 1111 3979 per
1148 3918 1249 3963 omne

200 4020 324 4065 aeuum
346 3997 590 4063 monachorum
617 3998 779 4079 gregibus
812 3998 1015 4102 deputatum
1045 3998 1090 4063 ad
1112 3997 1249 4065 inhabi-

201 4101 356 4176 tandum,
382 4105 417 4162 et
439 4100 483 4162 ab
513 4098 606 4161 omni
636 4097 869 4160 dominatione
891 4097 1044 4160 omniurn
1072 4099 1248 4182 episcopo-
