<?xml version="1.0" encoding="UTF-8"?>
<!DOCTYPE html PUBLIC "-//W3C//DTD XHTML 1.0 Transitional//EN"
    "http://www.w3.org/TR/xhtml1/DTD/xhtml1-transitional.dtd">
<html xmlns="http://www.w3.org/1999/xhtml" xml:lang="en" lang="en">
 <head>
  <title>
</title>
<meta http-equiv="Content-Type" content="text/html;charset=utf-8" />
  <meta name='ocr-system' content='tesseract 3.04.00' />
  <meta name='ocr-capabilities' content='ocr_page ocr_carea ocr_par ocr_line ocrx_word'/>
</head>
<body>
  <div class='ocr_page' id='page_1' title='image "./codexdiplomatic03kembgoog_0178.png"; bbox 0 0 2902 4890; ppageno 0'>
   <div class='ocr_carea' id='block_1_1' title="bbox 426 383 1220 447">
    <p class='ocr_par' dir='ltr' id='par_1_1' title="bbox 426 383 1220 447">
     <span class='ocr_line' id='line_1_1' title="bbox 426 383 1220 447; baseline 0.001 -4"><span class='ocrx_word' id='word_1_1' title='bbox 426 394 600 443; x_wconf 70' lang='lat' dir='ltr'><strong>cataras</strong></span> <span class='ocrx_word' id='word_1_2' title='bbox 622 395 964 446; x_wconf 72' lang='lat' dir='ltr'><strong>ancnosnxomoar.</strong></span> <span class='ocrx_word' id='word_1_3' title='bbox 1157 383 1220 447; x_wconf 82' lang='grc'><strong>151</strong></span> 
     </span>
    </p>
   </div>
   <div class='ocr_carea' id='block_1_2' title="bbox 157 552 1215 1239">
    <p class='ocr_par' dir='ltr' id='par_1_2' title="bbox 157 552 1215 938">
     <span class='ocr_line' id='line_1_2' title="bbox 157 552 1214 620; baseline 0.003 -4"><span class='ocrx_word' id='word_1_4' title='bbox 157 552 300 618; x_wconf 87' lang='lat' dir='ltr'><strong>donatio</strong></span> <span class='ocrx_word' id='word_1_5' title='bbox 326 573 419 619; x_wconf 92' lang='lat' dir='ltr'><strong>anno</strong></span> <span class='ocrx_word' id='word_1_6' title='bbox 453 554 645 620; x_wconf 82' lang='lat' dir='ltr'><strong>dominicae</strong></span> <span class='ocrx_word' id='word_1_7' title='bbox 679 556 924 620; x_wconf 81' lang='lat' dir='ltr'><strong>incarnationis</strong></span> <span class='ocrx_word' id='word_1_8' title='bbox 950 572 1079 619; x_wconf 64' lang='lat' dir='ltr'><strong>maxi.</strong></span> <span class='ocrx_word' id='word_1_9' title='bbox 1106 555 1214 619; x_wconf 87' lang='lat' dir='ltr'><strong>indie-</strong></span> 
     </span>
     <span class='ocr_line' id='line_1_3' title="bbox 159 653 1215 736; baseline 0 -19"><span class='ocrx_word' id='word_1_10' title='bbox 159 653 255 717; x_wconf 82' lang='lat' dir='ltr'><strong>tione</strong></span> <span class='ocrx_word' id='word_1_11' title='bbox 273 661 399 720; x_wconf 81' lang='lat' dir='ltr'><strong>.xrnr⁸.</strong></span> <span class='ocrx_word' id='word_1_12' title='bbox 420 662 564 736; x_wconf 80' lang='lat' dir='ltr'><strong>epactae</strong></span> <span class='ocrx_word' id='word_1_13' title='bbox 583 672 641 718; x_wconf 87' lang='lat' dir='ltr'><strong>.vr.</strong></span> <span class='ocrx_word' id='word_1_14' title='bbox 666 675 874 720; x_wconf 88' lang='lat' dir='ltr'><strong>concurrens</strong></span> <span class='ocrx_word' id='word_1_15' title='bbox 893 672 927 719; x_wconf 93' lang='lat'><strong>.1.</strong></span> <span class='ocrx_word' id='word_1_16' title='bbox 980 653 1035 719; x_wconf 91' lang='lat' dir='ltr'><strong>Ad</strong></span> <span class='ocrx_word' id='word_1_17' title='bbox 1054 656 1215 720; x_wconf 89' lang='lat' dir='ltr'><strong>confirm-</strong></span> 
     </span>
     <span class='ocr_line' id='line_1_4' title="bbox 159 753 1214 820; baseline 0.002 -4"><span class='ocrx_word' id='word_1_18' title='bbox 159 753 287 818; x_wconf 89' lang='lat' dir='ltr'><strong>andum</strong></span> <span class='ocrx_word' id='word_1_19' title='bbox 305 774 389 819; x_wconf 91' lang='lat' dir='ltr'><strong>uero</strong></span> <span class='ocrx_word' id='word_1_20' title='bbox 413 762 553 819; x_wconf 87' lang='lat' dir='ltr'><strong>nostrae</strong></span> <span class='ocrx_word' id='word_1_21' title='bbox 568 755 754 820; x_wconf 89' lang='lat' dir='ltr'><strong>beneficiae</strong></span> <span class='ocrx_word' id='word_1_22' title='bbox 776 775 901 820; x_wconf 91' lang='lat' dir='ltr'><strong>munus</strong></span> <span class='ocrx_word' id='word_1_23' title='bbox 923 756 958 819; x_wconf 93' lang='lat' dir='ltr'><strong>bi</strong></span> <span class='ocrx_word' id='word_1_24' title='bbox 979 763 1085 820; x_wconf 89' lang='lat' dir='ltr'><strong>testes</strong></span> <span class='ocrx_word' id='word_1_25' title='bbox 1106 756 1214 820; x_wconf 86' lang='lat' dir='ltr'><strong>affue-</strong></span> 
     </span>
     <span class='ocr_line' id='line_1_5' title="bbox 159 855 975 938; baseline 0.002 -21"><span class='ocrx_word' id='word_1_26' title='bbox 159 862 241 918; x_wconf 90' lang='lat' dir='ltr'><strong>runt</strong></span> <span class='ocrx_word' id='word_1_27' title='bbox 256 874 402 938; x_wconf 90' lang='lat' dir='ltr'><strong>quorum</strong></span> <span class='ocrx_word' id='word_1_28' title='bbox 420 855 560 920; x_wconf 91' lang='lat' dir='ltr'><strong>nomina</strong></span> <span class='ocrx_word' id='word_1_29' title='bbox 574 856 665 919; x_wconf 89' lang='lat' dir='ltr'><strong>infra</strong></span> <span class='ocrx_word' id='word_1_30' title='bbox 679 864 762 921; x_wconf 86' lang='lat' dir='ltr'><strong>sunt</strong></span> <span class='ocrx_word' id='word_1_31' title='bbox 778 865 975 920; x_wconf 84' lang='lat' dir='ltr'><strong>carraxata.</strong></span> 
     </span>
    </p>

    <p class='ocr_par' dir='ltr' id='par_1_3' title="bbox 157 953 1214 1239">
     <span class='ocr_line' id='line_1_6' title="bbox 209 953 1214 1039; baseline 0.001 -21"><span class='ocrx_word' id='word_1_32' title='bbox 209 953 286 1036; x_wconf 78' lang='lat' dir='ltr'><strong>Ego</strong></span> <span class='ocrx_word' id='word_1_33' title='bbox 301 953 390 1019; x_wconf 88' lang='lat' dir='ltr'><strong>Giso</strong></span> <span class='ocrx_word' id='word_1_34' title='bbox 406 956 462 1019; x_wconf 91' lang='lat' dir='ltr'><strong>dei</strong></span> <span class='ocrx_word' id='word_1_35' title='bbox 483 956 599 1038; x_wconf 75' lang='lat' dir='ltr'><strong>gratia</strong></span> <span class='ocrx_word' id='word_1_36' title='bbox 618 957 800 1039; x_wconf 88' lang='lat' dir='ltr'><strong>episcopus</strong></span> <span class='ocrx_word' id='word_1_37' title='bbox 826 957 914 1020; x_wconf 91' lang='lat' dir='ltr'><strong>banc</strong></span> <span class='ocrx_word' id='word_1_38' title='bbox 934 962 1066 1019; x_wconf 88' lang='lat' dir='ltr'><strong>cartam</strong></span> <span class='ocrx_word' id='word_1_39' title='bbox 1084 955 1214 1019; x_wconf 90' lang='lat' dir='ltr'><strong>dictaui</strong></span> 
     </span>
     <span class='ocr_line' id='line_1_7' title="bbox 164 1055 1212 1138; baseline 0.001 -19"><span class='ocrx_word' id='word_1_40' title='bbox 164 1055 220 1136; x_wconf 68' lang='lat'><strong>⁸1⁴.</strong></span> <span class='ocrx_word' id='word_1_41' title='bbox 273 1055 351 1137; x_wconf 84' lang='lat' dir='ltr'><strong>Ego</strong></span> <span class='ocrx_word' id='word_1_42' title='bbox 367 1055 582 1119; x_wconf 88' lang='lat' dir='ltr'><strong>Eadwardus</strong></span> <span class='ocrx_word' id='word_1_43' title='bbox 598 1076 660 1119; x_wconf 86' lang='lat' dir='ltr'><strong>rex</strong></span> <span class='ocrx_word' id='word_1_44' title='bbox 678 1056 830 1137; x_wconf 82' lang='lat' dir='ltr'><strong>sigillum</strong></span> <span class='ocrx_word' id='word_1_45' title='bbox 856 1056 1003 1138; x_wconf 91' lang='lat' dir='ltr'><strong>imposui</strong></span> <span class='ocrx_word' id='word_1_46' title='bbox 1027 1058 1082 1137; x_wconf 62' lang='lat' dir='ltr'><strong>tx«.</strong></span> <span class='ocrx_word' id='word_1_47' title='bbox 1135 1055 1212 1138; x_wconf 82' lang='lat' dir='ltr'><strong>Ego</strong></span> 
     </span>
     <span class='ocr_line' id='line_1_8' title="bbox 157 1153 1212 1239; baseline 0.002 -22"><span class='ocrx_word' id='word_1_48' title='bbox 157 1153 347 1236; x_wconf 86' lang='lat' dir='ltr'><strong>Stigandus</strong></span> <span class='ocrx_word' id='word_1_49' title='bbox 364 1155 643 1238; x_wconf 86' lang='lat' dir='ltr'><strong>archiepiscopus</strong></span> <span class='ocrx_word' id='word_1_50' title='bbox 657 1155 799 1220; x_wconf 88' lang='lat' dir='ltr'><strong>laudaui</strong></span> <span class='ocrx_word' id='word_1_51' title='bbox 820 1158 876 1239; x_wconf 54' lang='grc' dir='ltr'><strong>ᾧ.</strong></span> <span class='ocrx_word' id='word_1_52' title='bbox 922 1156 999 1237; x_wconf 81' lang='lat' dir='ltr'><strong>Ego</strong></span> <span class='ocrx_word' id='word_1_53' title='bbox 1017 1155 1212 1219; x_wconf 91' lang='lat' dir='ltr'><strong>Hereman·</strong></span> 
     </span>
    </p>
   </div>
   <div class='ocr_carea' id='block_1_3' title="bbox 119 1255 1211 2438">
    <p class='ocr_par' dir='ltr' id='par_1_4' title="bbox 119 1255 1211 2438">
     <span class='ocr_line' id='line_1_9' title="bbox 159 1255 1211 1338; baseline 0.003 -22"><span class='ocrx_word' id='word_1_54' title='bbox 159 1273 224 1317; x_wconf 87' lang='lat' dir='ltr'><strong>nus</strong></span> <span class='ocrx_word' id='word_1_55' title='bbox 240 1255 423 1338; x_wconf 89' lang='lat' dir='ltr'><strong>episcopus</strong></span> <span class='ocrx_word' id='word_1_56' title='bbox 435 1255 656 1319; x_wconf 78' lang='lat' dir='ltr'><strong>corroborari</strong></span> <span class='ocrx_word' id='word_1_57' title='bbox 673 1257 729 1338; x_wconf 70' lang='lat'><strong>»1«.</strong></span> <span class='ocrx_word' id='word_1_58' title='bbox 775 1256 851 1338; x_wconf 84' lang='lat' dir='ltr'><strong>Ego</strong></span> <span class='ocrx_word' id='word_1_59' title='bbox 866 1255 1045 1320; x_wconf 88' lang='lat' dir='ltr'><strong>Leofricus</strong></span> <span class='ocrx_word' id='word_1_60' title='bbox 1059 1256 1211 1338; x_wconf 81' lang='lat' dir='ltr'><strong>episcop</strong></span> 
     </span>
     <span class='ocr_line' id='line_1_10' title="bbox 157 1353 1211 1438; baseline 0 -21"><span class='ocrx_word' id='word_1_61' title='bbox 157 1373 200 1417; x_wconf 90' lang='lat' dir='ltr'><strong>us</strong></span> <span class='ocrx_word' id='word_1_62' title='bbox 216 1353 385 1419; x_wconf 87' lang='lat' dir='ltr'><strong>affirmaui</strong></span> <span class='ocrx_word' id='word_1_63' title='bbox 400 1356 456 1437; x_wconf 54' lang='grc' dir='ltr'><strong>ᾧ.</strong></span> <span class='ocrx_word' id='word_1_64' title='bbox 500 1355 576 1437; x_wconf 84' lang='lat' dir='ltr'><strong>Ego</strong></span> <span class='ocrx_word' id='word_1_65' title='bbox 585 1355 782 1421; x_wconf 85' lang='lat' dir='ltr'><strong>Willelmns</strong></span> <span class='ocrx_word' id='word_1_66' title='bbox 798 1357 981 1438; x_wconf 88' lang='lat' dir='ltr'><strong>episcopus</strong></span> <span class='ocrx_word' id='word_1_67' title='bbox 997 1354 1211 1419; x_wconf 90' lang='lat' dir='ltr'><strong>consolidaui</strong></span> 
     </span>
     <span class='ocr_line' id='line_1_11' title="bbox 161 1454 1211 1537; baseline 0.001 -19"><span class='ocrx_word' id='word_1_68' title='bbox 161 1455 217 1536; x_wconf 54' lang='grc' dir='ltr'><strong>ᾧ.</strong></span> <span class='ocrx_word' id='word_1_69' title='bbox 259 1454 336 1537; x_wconf 81' lang='lat' dir='ltr'><strong>Ego</strong></span> <span class='ocrx_word' id='word_1_70' title='bbox 346 1454 561 1537; x_wconf 78' lang='lat' dir='ltr'><strong>AEgelno’dus</strong></span> <span class='ocrx_word' id='word_1_71' title='bbox 575 1456 683 1520; x_wconf 87' lang='lat' dir='ltr'><strong>abbas</strong></span> <span class='ocrx_word' id='word_1_72' title='bbox 697 1455 897 1519; x_wconf 88' lang='lat' dir='ltr'><strong>confirmaui</strong></span> <span class='ocrx_word' id='word_1_73' title='bbox 912 1458 967 1537; x_wconf 69' lang='lat'><strong>»1«.</strong></span> <span class='ocrx_word' id='word_1_74' title='bbox 1005 1455 1082 1536; x_wconf 85' lang='lat' dir='ltr'><strong>Ego</strong></span> <span class='ocrx_word' id='word_1_75' title='bbox 1094 1456 1211 1536; x_wconf 82' lang='lat' dir='ltr'><strong>AEgel-</strong></span> 
     </span>
     <span class='ocr_line' id='line_1_12' title="bbox 156 1554 1210 1638; baseline 0.002 -21"><span class='ocrx_word' id='word_1_76' title='bbox 156 1555 216 1617; x_wconf 90' lang='lat' dir='ltr'><strong>nin</strong></span> <span class='ocrx_word' id='word_1_77' title='bbox 233 1555 341 1619; x_wconf 88' lang='lat' dir='ltr'><strong>abbas</strong></span> <span class='ocrx_word' id='word_1_78' title='bbox 362 1554 504 1619; x_wconf 88' lang='lat' dir='ltr'><strong>laudaui</strong></span> <span class='ocrx_word' id='word_1_79' title='bbox 521 1556 576 1637; x_wconf 68' lang='lat'><strong>»1«.</strong></span> <span class='ocrx_word' id='word_1_80' title='bbox 642 1555 718 1636; x_wconf 85' lang='lat' dir='ltr'><strong>Ego</strong></span> <span class='ocrx_word' id='word_1_81' title='bbox 731 1554 910 1619; x_wconf 89' lang='lat' dir='ltr'><strong>Haroldus</strong></span> <span class='ocrx_word' id='word_1_82' title='bbox 925 1557 996 1619; x_wconf 82' lang='lat' dir='ltr'><strong>dux</strong></span> <span class='ocrx_word' id='word_1_83' title='bbox 1011 1557 1066 1638; x_wconf 54' lang='grc' dir='ltr'><strong>ᾧ.</strong></span> <span class='ocrx_word' id='word_1_84' title='bbox 1135 1556 1210 1637; x_wconf 84' lang='lat' dir='ltr'><strong>Ego</strong></span> 
     </span>
     <span class='ocr_line' id='line_1_13' title="bbox 153 1653 1211 1738; baseline 0.003 -21"><span class='ocrx_word' id='word_1_85' title='bbox 153 1653 280 1736; x_wconf 81' lang='lat' dir='ltr'><strong>Tostig</strong></span> <span class='ocrx_word' id='word_1_86' title='bbox 304 1655 377 1719; x_wconf 87' lang='lat' dir='ltr'><strong>dux</strong></span> <span class='ocrx_word' id='word_1_87' title='bbox 398 1657 455 1738; x_wconf 54' lang='grc' dir='ltr'><strong>ᾧ.</strong></span> <span class='ocrx_word' id='word_1_88' title='bbox 523 1655 598 1736; x_wconf 82' lang='lat' dir='ltr'><strong>Ego</strong></span> <span class='ocrx_word' id='word_1_89' title='bbox 614 1654 752 1736; x_wconf 81' lang='lat' dir='ltr'><strong>AElfgar</strong></span> <span class='ocrx_word' id='word_1_90' title='bbox 775 1655 845 1718; x_wconf 84' lang='lat' dir='ltr'><strong>dux</strong></span> <span class='ocrx_word' id='word_1_91' title='bbox 880 1658 935 1737; x_wconf 74' lang='lat'><strong>*1⁴-</strong></span> <span class='ocrx_word' id='word_1_92' title='bbox 1004 1654 1081 1736; x_wconf 83' lang='lat' dir='ltr'><strong>Ego</strong></span> <span class='ocrx_word' id='word_1_93' title='bbox 1111 1655 1211 1738; x_wconf 74' lang='lat' dir='ltr'><strong>Gyrs</strong></span> 
     </span>
     <span class='ocr_line' id='line_1_14' title="bbox 153 1754 1211 1837; baseline 0 -19"><span class='ocrx_word' id='word_1_94' title='bbox 153 1754 227 1818; x_wconf 86' lang='lat' dir='ltr'><strong>dux</strong></span> <span class='ocrx_word' id='word_1_95' title='bbox 250 1756 306 1837; x_wconf 63' lang='lat'><strong>⁸1⁴.</strong></span> <span class='ocrx_word' id='word_1_96' title='bbox 374 1755 450 1837; x_wconf 79' lang='lat' dir='ltr'><strong>Ego</strong></span> <span class='ocrx_word' id='word_1_97' title='bbox 467 1755 618 1820; x_wconf 91' lang='lat' dir='ltr'><strong>Brihtric</strong></span> <span class='ocrx_word' id='word_1_98' title='bbox 634 1756 850 1819; x_wconf 87' lang='lat' dir='ltr'><strong>consiliarius</strong></span> <span class='ocrx_word' id='word_1_99' title='bbox 873 1758 929 1837; x_wconf 61' lang='lat' dir='ltr'><strong>tl«.</strong></span> <span class='ocrx_word' id='word_1_100' title='bbox 981 1755 1057 1836; x_wconf 83' lang='lat' dir='ltr'><strong>Ego</strong></span> <span class='ocrx_word' id='word_1_101' title='bbox 1074 1755 1211 1837; x_wconf 82' lang='lat' dir='ltr'><strong>AElfgar</strong></span> 
     </span>
     <span class='ocr_line' id='line_1_15' title="bbox 155 1855 1210 1938; baseline 0.001 -21"><span class='ocrx_word' id='word_1_102' title='bbox 155 1855 373 1919; x_wconf 86' lang='lat' dir='ltr'><strong>consiliarius</strong></span> <span class='ocrx_word' id='word_1_103' title='bbox 404 1856 458 1937; x_wconf 54' lang='grc' dir='ltr'><strong>ᾖ.</strong></span> <span class='ocrx_word' id='word_1_104' title='bbox 528 1855 605 1937; x_wconf 83' lang='lat' dir='ltr'><strong>Ego</strong></span> <span class='ocrx_word' id='word_1_105' title='bbox 632 1856 796 1936; x_wconf 81' lang='lat' dir='ltr'><strong>AEgeluin</strong></span> <span class='ocrx_word' id='word_1_106' title='bbox 827 1856 983 1919; x_wconf 88' lang='lat' dir='ltr'><strong>minister</strong></span> <span class='ocrx_word' id='word_1_107' title='bbox 1018 1857 1072 1936; x_wconf 69' lang='lat'><strong>»1«.</strong></span> <span class='ocrx_word' id='word_1_108' title='bbox 1134 1855 1210 1938; x_wconf 84' lang='lat' dir='ltr'><strong>Ego</strong></span> 
     </span>
     <span class='ocr_line' id='line_1_16' title="bbox 119 1954 1208 2038; baseline 0.001 -20"><span class='ocrx_word' id='word_1_109' title='bbox 119 2022 126 2032; x_wconf 62' lang='grc'><strong>,</strong></span> <span class='ocrx_word' id='word_1_110' title='bbox 156 1954 364 2019; x_wconf 87' lang='lat' dir='ltr'><strong>Eucrwacer</strong></span> <span class='ocrx_word' id='word_1_111' title='bbox 396 1954 551 2019; x_wconf 87' lang='lat' dir='ltr'><strong>minister</strong></span> <span class='ocrx_word' id='word_1_112' title='bbox 578 1957 633 2038; x_wconf 68' lang='lat'><strong>»1«.</strong></span> <span class='ocrx_word' id='word_1_113' title='bbox 702 1955 777 2036; x_wconf 86' lang='lat' dir='ltr'><strong>Ego</strong></span> <span class='ocrx_word' id='word_1_114' title='bbox 802 1956 935 2038; x_wconf 87' lang='lat' dir='ltr'><strong>Esegar</strong></span> <span class='ocrx_word' id='word_1_115' title='bbox 966 1955 1121 2018; x_wconf 90' lang='lat' dir='ltr'><strong>minister</strong></span> <span class='ocrx_word' id='word_1_116' title='bbox 1153 1959 1208 2038; x_wconf 74' lang='lat'><strong>*1⁴-</strong></span> 
     </span>
     <span class='ocr_line' id='line_1_17' title="bbox 155 2053 1207 2138; baseline 0.001 -21"><span class='ocrx_word' id='word_1_117' title='bbox 155 2053 234 2135; x_wconf 79' lang='lat' dir='ltr'><strong>Ego</strong></span> <span class='ocrx_word' id='word_1_118' title='bbox 262 2054 418 2119; x_wconf 86' lang='lat' dir='ltr'><strong>Rotberd</strong></span> <span class='ocrx_word' id='word_1_119' title='bbox 448 2055 604 2119; x_wconf 85' lang='lat' dir='ltr'><strong>minister</strong></span> <span class='ocrx_word' id='word_1_120' title='bbox 624 2056 681 2137; x_wconf 68' lang='lat'><strong>»1«.</strong></span> <span class='ocrx_word' id='word_1_121' title='bbox 745 2056 821 2136; x_wconf 85' lang='lat' dir='ltr'><strong>Ego</strong></span> <span class='ocrx_word' id='word_1_122' title='bbox 847 2054 948 2118; x_wconf 84' lang='lat' dir='ltr'><strong>Raus</strong></span> <span class='ocrx_word' id='word_1_123' title='bbox 973 2054 1128 2117; x_wconf 88' lang='lat' dir='ltr'><strong>minister</strong></span> <span class='ocrx_word' id='word_1_124' title='bbox 1152 2057 1207 2138; x_wconf 53' lang='grc' dir='ltr'><strong>ᾧ.</strong></span> 
     </span>
     <span class='ocr_line' id='line_1_18' title="bbox 155 2153 1206 2237; baseline 0 -18"><span class='ocrx_word' id='word_1_125' title='bbox 155 2154 233 2237; x_wconf 81' lang='lat' dir='ltr'><strong>Ego</strong></span> <span class='ocrx_word' id='word_1_126' title='bbox 258 2154 372 2219; x_wconf 93' lang='lat' dir='ltr'><strong>Bondi</strong></span> <span class='ocrx_word' id='word_1_127' title='bbox 395 2154 550 2219; x_wconf 86' lang='lat' dir='ltr'><strong>minister</strong></span> <span class='ocrx_word' id='word_1_128' title='bbox 572 2157 625 2236; x_wconf 68' lang='lat'><strong>»1«.</strong></span> <span class='ocrx_word' id='word_1_129' title='bbox 691 2155 768 2236; x_wconf 82' lang='lat' dir='ltr'><strong>Ego</strong></span> <span class='ocrx_word' id='word_1_130' title='bbox 792 2153 935 2218; x_wconf 77' lang='lat' dir='ltr'><strong>AEilferd</strong></span> <span class='ocrx_word' id='word_1_131' title='bbox 966 2154 1122 2217; x_wconf 90' lang='lat' dir='ltr'><strong>minister</strong></span> <span class='ocrx_word' id='word_1_132' title='bbox 1152 2158 1206 2237; x_wconf 62' lang='lat' dir='ltr'><strong>tx«.</strong></span> 
     </span>
     <span class='ocr_line' id='line_1_19' title="bbox 154 2253 1206 2338; baseline -0.002 -20"><span class='ocrx_word' id='word_1_133' title='bbox 154 2253 232 2336; x_wconf 79' lang='lat' dir='ltr'><strong>Ego</strong></span> <span class='ocrx_word' id='word_1_134' title='bbox 249 2255 399 2319; x_wconf 90' lang='lat' dir='ltr'><strong>Eadmer</strong></span> <span class='ocrx_word' id='word_1_135' title='bbox 415 2254 571 2318; x_wconf 88' lang='lat' dir='ltr'><strong>minister</strong></span> <span class='ocrx_word' id='word_1_136' title='bbox 593 2257 646 2338; x_wconf 67' lang='lat'><strong>»1«.</strong></span> <span class='ocrx_word' id='word_1_137' title='bbox 711 2256 786 2337; x_wconf 83' lang='lat' dir='ltr'><strong>Ego</strong></span> <span class='ocrx_word' id='word_1_138' title='bbox 805 2255 960 2338; x_wconf 86' lang='lat' dir='ltr'><strong>AEgelsie</strong></span> <span class='ocrx_word' id='word_1_139' title='bbox 976 2253 1133 2318; x_wconf 88' lang='lat' dir='ltr'><strong>minister</strong></span> <span class='ocrx_word' id='word_1_140' title='bbox 1154 2258 1206 2337; x_wconf 68' lang='lat'><strong>»1«.</strong></span> 
     </span>
     <span class='ocr_line' id='line_1_20' title="bbox 154 2354 610 2438; baseline 0.004 -19"><span class='ocrx_word' id='word_1_141' title='bbox 154 2354 374 2437; x_wconf 76' lang='lat' dir='ltr'><strong>EgoAElfget</strong></span> <span class='ocrx_word' id='word_1_142' title='bbox 390 2355 610 2438; x_wconf 62' lang='lat' dir='ltr'><strong>ministerffl.</strong></span> 
     </span>
    </p>
   </div>
   <div class='ocr_carea' id='block_1_4' title="bbox 568 2578 794 2647">
    <p class='ocr_par' dir='ltr' id='par_1_5' title="bbox 568 2578 794 2647">
     <span class='ocr_line' id='line_1_21' title="bbox 568 2578 794 2647; baseline 0.013 -3"><span class='ocrx_word' id='word_1_143' title='bbox 568 2578 794 2647; x_wconf 85' lang='lat' dir='ltr'><strong>Dcccxll.</strong></span> 
     </span>
    </p>
   </div>
   <div class='ocr_carea' id='block_1_5' title="bbox 476 2700 896 2807">
    <p class='ocr_par' dir='ltr' id='par_1_6' title="bbox 476 2700 896 2807">
     <span class='ocr_line' id='line_1_22' title="bbox 476 2700 896 2807; baseline 0.007 -15"><span class='ocrx_word' id='word_1_144' title='bbox 476 2700 777 2807; x_wconf 71' lang='lat' dir='ltr'><strong>sinuarat),</strong></span> <span class='ocrx_word' id='word_1_145' title='bbox 799 2730 896 2795; x_wconf 80' lang='lat'>1062.</span> 
     </span>
    </p>
   </div>
   <div class='ocr_carea' id='block_1_6' title="bbox 146 2852 1272 4241">
    <p class='ocr_par' dir='ltr' id='par_1_7' title="bbox 146 2852 1272 4241">
     <span class='ocr_line' id='line_1_23' title="bbox 207 2852 1206 2934; baseline 0.006 -19"><span class='ocrx_word' id='word_1_146' title='bbox 207 2853 247 2934; x_wconf 76' lang='lat'><strong>›1‹</strong></span> <span class='ocrx_word' id='word_1_147' title='bbox 267 2852 312 2916; x_wconf 78' lang='lat' dir='ltr'><strong>la</strong></span> <span class='ocrx_word' id='word_1_148' title='bbox 341 2853 479 2916; x_wconf 90' lang='lat' dir='ltr'><strong>nomine</strong></span> <span class='ocrx_word' id='word_1_149' title='bbox 506 2854 636 2917; x_wconf 92' lang='lat' dir='ltr'><strong>domini</strong></span> <span class='ocrx_word' id='word_1_150' title='bbox 659 2856 769 2919; x_wconf 88' lang='lat' dir='ltr'><strong>nostri</strong></span> <span class='ocrx_word' id='word_1_151' title='bbox 792 2855 897 2919; x_wconf 92' lang='lat' dir='ltr'><strong>lbcsu</strong></span> <span class='ocrx_word' id='word_1_152' title='bbox 919 2854 1047 2919; x_wconf 87' lang='lat' dir='ltr'><strong>Christi</strong></span> <span class='ocrx_word' id='word_1_153' title='bbox 1075 2857 1206 2921; x_wconf 88' lang='lat' dir='ltr'><strong>saluat-</strong></span> 
     </span>
     <span class='ocr_line' id='line_1_24' title="bbox 149 2952 1204 3040; baseline 0.003 -22"><span class='ocrx_word' id='word_1_154' title='bbox 149 2954 245 3018; x_wconf 86' lang='lat' dir='ltr'><strong>oris!</strong></span> <span class='ocrx_word' id='word_1_155' title='bbox 298 2952 352 3016; x_wconf 90' lang='lat' dir='ltr'><strong>Ea</strong></span> <span class='ocrx_word' id='word_1_156' title='bbox 378 2972 467 3034; x_wconf 86' lang='lat' dir='ltr'><strong>quae</strong></span> <span class='ocrx_word' id='word_1_157' title='bbox 493 2954 682 3017; x_wconf 92' lang='lat' dir='ltr'><strong>secundum</strong></span> <span class='ocrx_word' id='word_1_158' title='bbox 705 2955 814 3036; x_wconf 88' lang='lat' dir='ltr'><strong>legem</strong></span> <span class='ocrx_word' id='word_1_159' title='bbox 836 2955 1037 3019; x_wconf 89' lang='lat' dir='ltr'><strong>canonicam</strong></span> <span class='ocrx_word' id='word_1_160' title='bbox 1057 2956 1204 3040; x_wconf 91' lang='lat' dir='ltr'><strong>disposi-</strong></span> 
     </span>
     <span class='ocr_line' id='line_1_25' title="bbox 150 3052 1204 3121; baseline 0.003 -5"><span class='ocrx_word' id='word_1_161' title='bbox 150 3054 280 3117; x_wconf 90' lang='lat' dir='ltr'><strong>tionem</strong></span> <span class='ocrx_word' id='word_1_162' title='bbox 302 3052 487 3116; x_wconf 89' lang='lat' dir='ltr'><strong>salubriter</strong></span> <span class='ocrx_word' id='word_1_163' title='bbox 512 3052 727 3118; x_wconf 90' lang='lat' dir='ltr'><strong>diffiniuntur</strong></span> <span class='ocrx_word' id='word_1_164' title='bbox 748 3056 828 3119; x_wconf 89' lang='lat' dir='ltr'><strong>licet</strong></span> <span class='ocrx_word' id='word_1_165' title='bbox 857 3055 952 3120; x_wconf 90' lang='lat' dir='ltr'><strong>solus</strong></span> <span class='ocrx_word' id='word_1_166' title='bbox 975 3075 1087 3120; x_wconf 89' lang='lat' dir='ltr'><strong>sermo</strong></span> <span class='ocrx_word' id='word_1_167' title='bbox 1109 3056 1204 3121; x_wconf 90' lang='lat' dir='ltr'><strong>suffi-</strong></span> 
     </span>
     <span class='ocr_line' id='line_1_26' title="bbox 150 3154 1203 3237; baseline 0.004 -21"><span class='ocrx_word' id='word_1_168' title='bbox 150 3159 253 3228; x_wconf 89' lang='lat' dir='ltr'><strong>ceret,</strong></span> <span class='ocrx_word' id='word_1_169' title='bbox 273 3159 388 3216; x_wconf 87' lang='lat' dir='ltr'><strong>tamen</strong></span> <span class='ocrx_word' id='word_1_170' title='bbox 403 3172 466 3234; x_wconf 91' lang='lat' dir='ltr'><strong>pro</strong></span> <span class='ocrx_word' id='word_1_171' title='bbox 482 3154 645 3218; x_wconf 85' lang='lat' dir='ltr'><strong>euitanda</strong></span> <span class='ocrx_word' id='word_1_172' title='bbox 665 3154 772 3218; x_wconf 83' lang='lat' dir='ltr'><strong>futuri</strong></span> <span class='ocrx_word' id='word_1_173' title='bbox 791 3156 954 3237; x_wconf 89' lang='lat' dir='ltr'><strong>temporis</strong></span> <span class='ocrx_word' id='word_1_174' title='bbox 977 3156 1203 3236; x_wconf 82' lang='lat' dir='ltr'><strong>ambiguitate</strong></span> 
     </span>
     <span class='ocr_line' id='line_1_27' title="bbox 150 3251 1202 3335; baseline 0.004 -20"><span class='ocrx_word' id='word_1_175' title='bbox 150 3251 359 3317; x_wconf 89' lang='lat' dir='ltr'><strong>fidelissimis</strong></span> <span class='ocrx_word' id='word_1_176' title='bbox 387 3253 566 3335; x_wconf 89' lang='lat' dir='ltr'><strong>scripturis</strong></span> <span class='ocrx_word' id='word_1_177' title='bbox 593 3261 629 3318; x_wconf 87' lang='lat' dir='ltr'><strong>et</strong></span> <span class='ocrx_word' id='word_1_178' title='bbox 656 3254 870 3319; x_wconf 89' lang='lat' dir='ltr'><strong>documentis</strong></span> <span class='ocrx_word' id='word_1_179' title='bbox 898 3261 980 3317; x_wconf 92' lang='lat' dir='ltr'><strong>sunt</strong></span> <span class='ocrx_word' id='word_1_180' title='bbox 1010 3256 1202 3319; x_wconf 91' lang='lat' dir='ltr'><strong>commend·</strong></span> 
     </span>
     <span class='ocr_line' id='line_1_28' title="bbox 148 3352 1202 3435; baseline 0.001 -18"><span class='ocrx_word' id='word_1_181' title='bbox 148 3352 252 3417; x_wconf 87' lang='lat' dir='ltr'><strong>anda.</strong></span> <span class='ocrx_word' id='word_1_182' title='bbox 304 3352 536 3431; x_wconf 84' lang='lat' dir='ltr'><strong>Quamobrem</strong></span> <span class='ocrx_word' id='word_1_183' title='bbox 553 3373 618 3435; x_wconf 84' lang='lat' dir='ltr'><strong>ego</strong></span> <span class='ocrx_word' id='word_1_184' title='bbox 635 3355 864 3419; x_wconf 87' lang='lat' dir='ltr'><strong>Eaduuardus</strong></span> <span class='ocrx_word' id='word_1_185' title='bbox 884 3373 945 3416; x_wconf 88' lang='lat' dir='ltr'><strong>rex</strong></span> <span class='ocrx_word' id='word_1_186' title='bbox 963 3374 1027 3435; x_wconf 93' lang='lat' dir='ltr'><strong>pro</strong></span> <span class='ocrx_word' id='word_1_187' title='bbox 1042 3360 1202 3418; x_wconf 88' lang='lat' dir='ltr'><strong>aeternae</strong></span> 
     </span>
     <span class='ocr_line' id='line_1_29' title="bbox 147 3452 1201 3539; baseline 0.001 -24"><span class='ocrx_word' id='word_1_188' title='bbox 147 3452 386 3517; x_wconf 83' lang='lat' dir='ltr'><strong>retributionis</strong></span> <span class='ocrx_word' id='word_1_189' title='bbox 408 3471 471 3535; x_wconf 90' lang='lat' dir='ltr'><strong>spe</strong></span> <span class='ocrx_word' id='word_1_190' title='bbox 497 3461 532 3517; x_wconf 90' lang='lat' dir='ltr'><strong>et</strong></span> <span class='ocrx_word' id='word_1_191' title='bbox 554 3454 768 3519; x_wconf 86' lang='lat' dir='ltr'><strong>relaxatione</strong></span> <span class='ocrx_word' id='word_1_192' title='bbox 785 3453 1020 3539; x_wconf 90' lang='lat' dir='ltr'><strong>peccaminum</strong></span> <span class='ocrx_word' id='word_1_193' title='bbox 1036 3473 1201 3531; x_wconf 89' lang='lat' dir='ltr'><strong>meorum,</strong></span> 
     </span>
     <span class='ocr_line' id='line_1_30' title="bbox 147 3552 1201 3619; baseline 0.002 -4"><span class='ocrx_word' id='word_1_194' title='bbox 147 3552 192 3615; x_wconf 89' lang='lat' dir='ltr'><strong>ad</strong></span> <span class='ocrx_word' id='word_1_195' title='bbox 230 3552 367 3616; x_wconf 88' lang='lat' dir='ltr'><strong>laudem</strong></span> <span class='ocrx_word' id='word_1_196' title='bbox 405 3553 553 3617; x_wconf 92' lang='lat' dir='ltr'><strong>nominis</strong></span> <span class='ocrx_word' id='word_1_197' title='bbox 583 3554 711 3619; x_wconf 93' lang='lat' dir='ltr'><strong>domini</strong></span> <span class='ocrx_word' id='word_1_198' title='bbox 745 3562 781 3619; x_wconf 89' lang='lat' dir='ltr'><strong>et</strong></span> <span class='ocrx_word' id='word_1_199' title='bbox 815 3555 859 3618; x_wconf 89' lang='lat' dir='ltr'><strong>ad</strong></span> <span class='ocrx_word' id='word_1_200' title='bbox 890 3553 1054 3618; x_wconf 87' lang='lat' dir='ltr'><strong>honorem</strong></span> <span class='ocrx_word' id='word_1_201' title='bbox 1089 3555 1201 3619; x_wconf 90' lang='lat' dir='ltr'><strong>sancti</strong></span> 
     </span>
     <span class='ocr_line' id='line_1_31' title="bbox 147 3651 1272 3737; baseline 0.004 -22"><span class='ocrx_word' id='word_1_202' title='bbox 147 3651 245 3717; x_wconf 86' lang='lat' dir='ltr'><strong>Petri</strong></span> <span class='ocrx_word' id='word_1_203' title='bbox 272 3652 507 3734; x_wconf 88' lang='lat' dir='ltr'><strong>apostolorum</strong></span> <span class='ocrx_word' id='word_1_204' title='bbox 533 3654 708 3737; x_wconf 87' lang='lat' dir='ltr'><strong>principis,</strong></span> <span class='ocrx_word' id='word_1_205' title='bbox 731 3656 840 3736; x_wconf 83' lang='lat' dir='ltr'><strong>regali</strong></span> <span class='ocrx_word' id='word_1_206' title='bbox 868 3655 1074 3719; x_wconf 89' lang='lat' dir='ltr'><strong>auctoritate</strong></span> <span class='ocrx_word' id='word_1_207' title='bbox 1101 3674 1201 3719; x_wconf 87' lang='lat' dir='ltr'><strong>reno·</strong></span> <span class='ocrx_word' id='word_1_208' title='bbox 1256 3666 1272 3691; x_wconf 82' lang='lat'><strong><em>“</em></strong></span> 
     </span>
     <span class='ocr_line' id='line_1_32' title="bbox 147 3753 1199 3838; baseline 0.003 -22"><span class='ocrx_word' id='word_1_209' title='bbox 147 3753 230 3816; x_wconf 89' lang='lat' dir='ltr'><strong>uani</strong></span> <span class='ocrx_word' id='word_1_210' title='bbox 245 3758 351 3834; x_wconf 87' lang='lat' dir='ltr'><strong>atque</strong></span> <span class='ocrx_word' id='word_1_211' title='bbox 365 3753 558 3817; x_wconf 88' lang='lat' dir='ltr'><strong>restauraui</strong></span> <span class='ocrx_word' id='word_1_212' title='bbox 576 3753 770 3818; x_wconf 89' lang='lat' dir='ltr'><strong>libertatem</strong></span> <span class='ocrx_word' id='word_1_213' title='bbox 784 3755 827 3819; x_wconf 90' lang='lat' dir='ltr'><strong>ad</strong></span> <span class='ocrx_word' id='word_1_214' title='bbox 843 3755 1089 3819; x_wconf 90' lang='lat' dir='ltr'><strong>monasterium</strong></span> <span class='ocrx_word' id='word_1_215' title='bbox 1107 3755 1199 3838; x_wconf 91' lang='lat' dir='ltr'><strong>quod</strong></span> 
     </span>
     <span class='ocr_line' id='line_1_33' title="bbox 147 3850 1200 3938; baseline 0.003 -22"><span class='ocrx_word' id='word_1_216' title='bbox 147 3850 328 3934; x_wconf 72' lang='lat' dir='ltr'><strong>caeteseg</strong></span> <span class='ocrx_word' id='word_1_217' title='bbox 348 3860 430 3916; x_wconf 91' lang='lat' dir='ltr'><strong>noto</strong></span> <span class='ocrx_word' id='word_1_218' title='bbox 457 3860 677 3936; x_wconf 89' lang='lat' dir='ltr'><strong>nuncupatur</strong></span> <span class='ocrx_word' id='word_1_219' title='bbox 703 3863 875 3931; x_wconf 90' lang='lat' dir='ltr'><strong>onomate,</strong></span> <span class='ocrx_word' id='word_1_220' title='bbox 891 3855 1079 3919; x_wconf 88' lang='lat' dir='ltr'><strong>secundum</strong></span> <span class='ocrx_word' id='word_1_221' title='bbox 1106 3856 1200 3938; x_wconf 93' lang='lat' dir='ltr'><strong>quod</strong></span> 
     </span>
     <span class='ocr_line' id='line_1_34' title="bbox 146 3950 1198 4038; baseline 0.005 -23"><span class='ocrx_word' id='word_1_222' title='bbox 146 3952 242 4034; x_wconf 88' lang='lat' dir='ltr'><strong>prius</strong></span> <span class='ocrx_word' id='word_1_223' title='bbox 273 3950 369 4016; x_wconf 90' lang='lat' dir='ltr'><strong>illam</strong></span> <span class='ocrx_word' id='word_1_224' title='bbox 402 3973 466 4017; x_wconf 83' lang='lat' dir='ltr'><strong>rex</strong></span> <span class='ocrx_word' id='word_1_225' title='bbox 492 3951 741 4020; x_wconf 76' lang='lat' dir='ltr'><strong>Friaeuuoldus</strong></span> <span class='ocrx_word' id='word_1_226' title='bbox 767 3963 801 4020; x_wconf 91' lang='lat' dir='ltr'><strong>et</strong></span> <span class='ocrx_word' id='word_1_227' title='bbox 828 3954 1092 4019; x_wconf 85' lang='lat' dir='ltr'><strong>Erkenuualdus</strong></span> <span class='ocrx_word' id='word_1_228' title='bbox 1126 3957 1198 4038; x_wconf 90' lang='lat' dir='ltr'><strong>epi·</strong></span> 
     </span>
     <span class='ocr_line' id='line_1_35' title="bbox 146 4052 1199 4135; baseline 0.003 -18"><span class='ocrx_word' id='word_1_229' title='bbox 146 4071 272 4134; x_wconf 87' lang='lat' dir='ltr'><strong>scopus</strong></span> <span class='ocrx_word' id='word_1_230' title='bbox 303 4052 525 4130; x_wconf 89' lang='lat' dir='ltr'><strong>constituere,</strong></span> <span class='ocrx_word' id='word_1_231' title='bbox 549 4053 671 4135; x_wconf 90' lang='lat' dir='ltr'><strong>quise</strong></span> <span class='ocrx_word' id='word_1_232' title='bbox 703 4057 767 4119; x_wconf 93' lang='lat' dir='ltr'><strong>sub</strong></span> <span class='ocrx_word' id='word_1_233' title='bbox 796 4057 869 4118; x_wconf 90' lang='lat' dir='ltr'><strong>iure</strong></span> <span class='ocrx_word' id='word_1_234' title='bbox 896 4055 1124 4120; x_wconf 89' lang='lat' dir='ltr'><strong>haereditario</strong></span> <span class='ocrx_word' id='word_1_235' title='bbox 1155 4057 1199 4120; x_wconf 88' lang='lat' dir='ltr'><strong>ad</strong></span> 
     </span>
     <span class='ocr_line' id='line_1_36' title="bbox 146 4153 1198 4241; baseline 0.005 -24"><span class='ocrx_word' id='word_1_236' title='bbox 146 4153 339 4235; x_wconf 77' lang='lat' dir='ltr'><strong>praelatum</strong></span> <span class='ocrx_word' id='word_1_237' title='bbox 357 4153 603 4218; x_wconf 89' lang='lat' dir='ltr'><strong>monasterium</strong></span> <span class='ocrx_word' id='word_1_238' title='bbox 628 4174 705 4218; x_wconf 90' lang='lat' dir='ltr'><strong>cum</strong></span> <span class='ocrx_word' id='word_1_239' title='bbox 733 4162 809 4221; x_wconf 87' lang='lat' dir='ltr'><strong>tota</strong></span> <span class='ocrx_word' id='word_1_240' title='bbox 834 4156 1029 4219; x_wconf 89' lang='lat' dir='ltr'><strong>substantia</strong></span> <span class='ocrx_word' id='word_1_241' title='bbox 1055 4176 1096 4221; x_wconf 80' lang='lat' dir='ltr'><strong>ac</strong></span> <span class='ocrx_word' id='word_1_242' title='bbox 1119 4178 1198 4241; x_wconf 90' lang='lat' dir='ltr'><strong>pos·</strong></span> 
     </span>
    </p>
   </div>
   <div class='ocr_carea' id='block_1_7' title="bbox 0 0 1456 4890">
    <p class='ocr_par' dir='ltr' id='par_1_8' title="bbox 0 0 1456 4890">
     <span class='ocr_line' id='line_1_37' title="bbox 0 0 1456 4890; baseline 0 3"><span class='ocrx_word' id='word_1_243' title='bbox 0 0 1456 4890; x_wconf 95' lang='lat' dir='ltr'><strong> </strong></span> 
     </span>
    </p>
   </div>
  </div>
 </body>
</html>
