2902 4890
189 363 234 428 48
450 376 623 425 curaris
646 375 988 423 Ancnosaxourcan.

637 632 818 699 DCCLII.

591 782 740 860 CNUT,
763 782 861 847 1033.

252 939 290 1018 ›1‹
311 934 466 1001 Cunrsrr
496 931 740 1016 omnipotentis
761 932 816 996 dei
833 930 996 1013 largiflua
1012 930 1151 996 bouitas
1175 952 1255 997 om-

197 1037 280 1099 nino
302 1034 476 1099 laudanda
499 1035 660 1115 omnique
689 1040 743 1096 est
771 1032 873 1096 laude
903 1031 1138 1114 praeferenda,
1161 1052 1256 1116 quae

196 1136 292 1199 nullo
321 1134 487 1199 bonitatis
513 1134 659 1198 termino
684 1132 780 1196 ualet
807 1131 977 1208 concludi,
1006 1139 1128 1214 utpote
1159 1132 1255 1198 idem

197 1236 282 1299 deus
304 1237 377 1317 ipse
399 1236 445 1298 sit
460 1253 543 1297 suae
564 1232 729 1297 bonitatis
743 1232 894 1308 bonitas,
909 1232 1117 1296 distribuens
1139 1235 1255 1314 gratis

198 1355 267 1399 non
286 1341 421 1399 tantum
445 1333 559 1415 dignis
585 1353 705 1396 uerum
732 1332 837 1395 ctiam
858 1331 1008 1413 indignis
1030 1332 1254 1415 participium

196 1435 363 1499 bonitatis
397 1453 499 1506 suae3
538 1439 592 1496 est
623 1433 750 1515 quippe
783 1451 845 1496 rex
876 1451 997 1513 regum
1030 1432 1253 1515 omniumque

197 1535 458 1598 subsistentium
481 1532 667 1596 uisibilium
691 1539 796 1613 atque
818 1532 1043 1595 inuisibilium
1062 1540 1198 1595 creator
1216 1541 1254 1598 et

198 1654 282 1698 suae
319 1633 503 1697 creationis
538 1631 804 1696 discretissimus
841 1632 1039 1714 dispositor,
1064 1631 1253 1714 disponens

199 1733 315 1800 omnia
345 1734 411 1797 sibi
439 1732 537 1796 libito
573 1733 626 1796 uti
657 1731 823 1814 competit
853 1731 990 1795 diuinae
1025 1730 1254 1796 dominationi

199 1835 293 1908 eius;
317 1853 398 1897 nam
426 1832 593 1915 quosdam
620 1832 729 1895 libero
750 1831 893 1895 arbitrio
919 1831 1123 1914 quibusdam
1150 1851 1254 1914 prae-

198 1935 271 1999 ficit
294 1933 464 2015 dignitate
481 1932 583 1996 buius
607 1931 737 1995 saeculi
759 1939 793 1995 ct
811 1932 933 2013 opibus
950 1930 1108 2007 diuersis
1126 1932 1253 2014 quibus

198 2053 335 2098 rursum
352 2033 493 2097 mandat
508 2039 549 2095 ut
565 2033 633 2114 ipsi
648 2050 765 2095 eorum
789 2031 940 2113 inopiam
964 2049 1027 2094 sua
1047 2029 1255 2110 sufficientia

198 2135 354 2199 releuare
371 2133 519 2197 debeant
534 2133 594 2215 qui
610 2132 723 2194 minus
741 2131 917 2194 abundant
934 2130 1168 2194 saecularibus
1190 2151 1253 2195 ne·

199 2235 320 2317 gociis,
333 2240 367 2298 ct
381 2253 444 2316 pro
462 2232 527 2296 hoc
543 2233 679 2314 possint
692 2231 813 2294 maiori
829 2229 984 2295 mercede
1001 2232 1045 2294 ab
1061 2250 1102 2295 eo
1117 2230 1254 2298 donari.

201 2335 303 2399 Unde
330 2353 395 2416 ego
414 2332 506 2397 Cnut
528 2351 588 2395 rex
607 2330 778 2412 Anglicae
806 2331 956 2395 nationis
984 2331 1057 2394 eius
1084 2333 1254 2396 ammoni·

198 2435 293 2499 tione
309 2440 530 2517 prouocatus
544 2451 607 2514 pro
625 2431 847 2514 adipiscenda
864 2431 1147 2495 remunerationis
1162 2451 1253 2496 mer·

199 2535 292 2611 cede,
315 2533 404 2597 dono
432 2532 567 2595 cuidam
596 2531 757 2595 familiari
783 2531 860 2594 duci
891 2550 968 2594 meo
991 2529 1162 2596 Godwino
1188 2552 1258 2614 pro.

200 2633 293 2697 fideli
320 2631 486 2712 obsequio
514 2649 583 2712 quo
613 2630 716 2694 michi
746 2631 892 2695 fideliter
921 2631 1176 2694 obsecundatur
1199 2648 1253 2697 ,Β

200 2733 343 2807 seilicet,
369 2748 508 2794 mansas
528 2730 564 2792 in
588 2729 665 2794 loco
690 2750 792 2812 quem
816 2730 979 2794 solicolae
1004 2729 1098 2794 illius
1123 2739 1255 2797 uocant

201 2830 433 2895 Polhematun
459 2836 498 2893 ut
520 2848 580 2893 eas
610 2829 724 2913 quoad
749 2831 840 2894 uiuit
864 2829 971 2894 libere
997 2830 1188 2912 possideat;
1217 2839 1256 2897 et

200 2937 440 3013 postmortem
458 2929 517 2994 det
539 2931 605 2994 sibi
621 2930 749 3013 placito
765 2930 968 3012 cuicumque
986 2930 1139 3011 elegerit.
1198 2930 1255 2996 Sit

200 3031 318 3113 itaque
348 3029 551 3094 rurisculum
582 3030 669 3094 illud
703 3030 747 3093 ab
780 3030 872 3093 omni
908 3029 1075 3093 mundiali
1108 3031 1255 3097 semitio

201 3131 359 3206 liberum,
375 3136 522 3213 excepto
538 3130 710 3194 communi
726 3130 879 3206 seruitio,
892 3129 957 3193 boc
972 3139 1037 3205 est,
1049 3130 1137 3194 arcis
1154 3150 1255 3196 tecue

203 3231 391 3314 peredeus,
414 3236 448 3297 et
473 3231 588 3313 pontis
614 3229 878 3307 restauratione,
906 3249 946 3293 ac
970 3229 1189 3312 expeditione
1216 3231 1256 3297 in'

202 3331 318 3395 hostes
332 3331 475 3412 patriae.
513 3330 552 3394 Si
564 3330 735 3414 quispiam
747 3330 990 3413 quoquomodo
1002 3329 1114 3393 malae
1127 3331 1256 3397 mentis

203 3431 381 3496 conamine
398 3429 463 3494 boc
487 3450 599 3493 meum
622 3429 824 3494 donatiuum
841 3430 969 3494 donum
990 3428 1178 3511 intringere
1196 3433 1256 3497 uel

202 3532 357 3612 abripere
382 3549 443 3611 per
470 3529 669 3593 uiolentiam
699 3530 860 3606 uoluerit,
883 3529 1040 3611 priuatus
1076 3532 1255 3599 consortio

203 3630 259 3694 dei
288 3629 432 3711 quinos
455 3629 602 3711 imperat
620 3629 793 3692 iuniorum
815 3637 1010 3694 nostrorum
1038 3631 1256 3695 necessitati·

201 3732 267 3794 bus
294 3729 477 3792 subuenire
512 3748 575 3810 pro
604 3746 669 3791 suo
701 3747 829 3806 amore,
855 3730 1111 3810 constringatur
1136 3737 1171 3794 et
1194 3732 1258 3795 ob-

203 3830 331 3910 ligetur
363 3827 653 3891 inextricabilium
688 3829 853 3892 nodorum
889 3829 1032 3893 habenis
1066 3837 1257 3914 perpetuae

203 3927 471 4009 dampnationis
500 3928 565 3991 nisi
605 3929 784 4011 resipiscat
821 3935 855 3992 et
886 3930 1118 4012 poenitentiae
1153 3933 1259 3997 uenia

204 4027 329 4091 deleat.
380 4029 443 4090 Dis
466 4028 552 4108 synd
575 4029 659 4092 tiara
678 4045 727 4092 .x.
744 4028 824 4092 hida
852 4018 1087 4109 landgemffira
1110 4022 1149 4095 t6
1171 4031 1256 4095 Pol-

206 4118 403 4191 hematfine.
451 4133 531 4191 Dect
550 4127 579 4192 is
600 4133 726 4206 bonne,
747 4118 851 4193 &rest
876 4128 916 4192 of
934 4129 1017 4213 prim
1040 4129 1192 4212 beorgan
1209 4152 1257 4196 on
