2902 4890
249 356 315 420 162
510 369 682 419 curario
705 368 1047 420 nucmsnxomcsn.

253 529 435 593 commissa
461 526 630 608 dignitate
647 526 838 608 apostolica
863 528 993 608 scripta
1011 527 1151 607 signata
1164 524 1302 600 detulit,

254 631 378 711 quibus
405 647 479 692 cum
507 646 571 690 sua
600 626 766 690 fidelitate
790 626 987 691 commoniti
1009 628 1134 690 iustam
1162 625 1300 707 petitio·

255 747 332 791 nem
367 746 477 810 papae
507 735 542 789 et
571 745 670 788 suam
701 726 861 789 nolumus
889 726 1039 790 refutare
1071 725 1164 808 quod
1197 725 1301 800 absit,

254 828 467 910 praesertim,
489 844 566 888 cum
593 845 698 907 super
731 826 850 889 eadem
886 845 923 889 re
950 825 1176 907 apostolicum
1201 843 1300 906 prae·

255 927 407 991 sentauit
423 924 651 1008 priuilegium.
710 925 927 989 Donauimus
952 926 1058 1006 igitur
1080 924 1224 989 consilio
1248 944 1302 987 re-

255 1027 358 1107 ginae
382 1044 489 1101 meae,
514 1031 548 1087 et
576 1024 721 1087 aliorum
750 1024 912 1102 fidelium,
939 1026 970 1088 ei
992 1026 1132 1108 eiusque
1155 1024 1302 1107 posteris

255 1124 501 1189 ordinationem
527 1123 770 1187 Wirecestriae
801 1125 1034 1206 episcopatus,
1070 1144 1148 1189 cum
1184 1132 1302 1187 nostro

255 1233 370 1288 tamen
397 1224 643 1306 disponendam
666 1223 822 1301 consilio,
847 1231 1017 1306 quatenus
1042 1224 1076 1287 in
1100 1223 1302 1306 exequenda

254 1325 441 1405 episcopali
469 1342 553 1386 cura
584 1343 624 1386 eo
652 1323 836 1406 specialius
863 1331 982 1388 utatur
1003 1324 1132 1388 uicario
1156 1331 1262 1406 utque
1280 1342 1302 1386 a

252 1424 355 1486 beato
381 1442 473 1505 papa
490 1422 662 1486 Nicholao
684 1424 720 1485 in
741 1424 815 1486 eius
837 1424 1002 1506 scriptum
1027 1423 1174 1488 habetur
1194 1423 1301 1505 priui-

252 1522 352 1602 legio.
406 1521 509 1599 Quod
536 1523 566 1585 si
596 1522 673 1604 quis
700 1543 719 1585 e
748 1524 885 1604 regibus
913 1523 1060 1604 posteris
1088 1523 1216 1587 nostris
1248 1523 1298 1584 in-

252 1621 401 1702 fringere
426 1622 660 1703 temptauerit,
694 1622 780 1685 iram
806 1622 860 1686 dei
882 1623 1047 1700 incurrat,
1080 1629 1116 1687 et
1141 1624 1187 1687 sit
1215 1641 1299 1686 ana-

252 1720 379 1796 thema,
397 1722 583 1784 secundum
606 1720 840 1802 supradictum
861 1723 1010 1804 apostoli
1034 1723 1218 1798 decretum,
1235 1723 1301 1784 nisi

250 1821 442 1901 resipiscat.
496 1820 546 1884 Ut
570 1827 685 1883 autem
715 1820 780 1884 boc
809 1839 905 1884 meae
932 1820 1171 1904 descriptionis
1193 1822 1299 1902 priui-

251 1919 378 2000 legium
403 1927 569 2001 perpetuo
595 1919 797 1983 inuiolatum
827 1929 998 1997 seruatur,
1014 1940 1137 1984 manus
1162 1927 1301 1984 nostrae

251 2020 387 2099 signum
414 2018 587 2100 sigillique
615 2021 805 2083 auctoritas
835 2021 952 2083 subter
978 2020 1181 2101 insignitur;
1217 2021 1299 2083 item

250 2118 367 2199 regiae
389 2118 509 2181 uxoris
531 2137 628 2181 meae
649 2119 845 2183 testimonio
862 2121 1038 2198 munitur;
1062 2121 1300 2202 episcoporum

251 2236 390 2301 quoque
405 2217 638 2280 interminatio
653 2238 731 2280 eum
748 2218 962 2299 singulorum
978 2220 1115 2284 nomine
1132 2226 1167 2283 et
1184 2238 1302 2283 carac-

252 2330 324 2382 tere
351 2317 556 2397 exprimitur
573 2318 757 2396 abbatum3
789 2325 823 2382 et
847 2318 1035 2400 principum
1065 2319 1162 2400 regni
1191 2320 1302 2382 nostri

251 2414 560 2481 contestificatione
577 2416 728 2479 fulcitur.

308 2517 347 2596 »14
369 2514 446 2596 Ego
468 2514 681 2579 Eadwardus
708 2516 763 2578 dei
790 2516 904 2597 gratia
929 2515 1122 2598 Anglorum
1148 2538 1209 2581 rex
1237 2518 1302 2582 hoc

252 2615 415 2696 scriptum
432 2615 643 2678 confirmaui.
700 2618 739 2697 »14
761 2614 837 2696 Ego
852 2616 986 2680 Eadi'oa
1005 2617 1060 2680 dei
1084 2618 1212 2699 pietate
1229 2615 1302 2681 An-

252 2713 387 2795 glorum
409 2715 530 2795 regina
552 2715 646 2777 iussu
667 2714 795 2777 domini
812 2716 879 2778 moi
897 2716 988 2796 regis
1004 2716 1199 2780 uoluntario
1221 2717 1302 2780 huic

253 2814 475 2895 descriptioni
496 2813 606 2877 fauce.
664 2816 703 2895 »14
726 2813 803 2894 Ego
818 2813 1007 2896 Stigandus
1024 2816 1303 2898 archiepiscopus

252 2913 441 2976 subscribo.
509 2916 548 2995 »14
569 2912 646 2993 Ego
662 2913 886 2976 Hermannus
911 2913 1092 2996 episcopus
1115 2916 1302 2979 subscribo.

259 3014 298 3093 »14
313 3010 520 3076 Willielmus
540 3013 735 3094 episcopus.
792 3015 831 3094 »14
855 3012 990 3076 Leoiric
1008 3015 1200 3096 episcopus.
1258 3017 1298 3097 »14

254 3111 561 3176 Robertusstalre.
617 3110 845 3193 ›1⁴Osbernus
863 3112 1073 3194 capellanus.
1130 3114 1304 3194 ›14Raim-

253 3209 384 3275 boldus.
455 3212 494 3291 »14
515 3210 652 3274 Petrus.
724 3213 763 3292 »14
787 3211 966 3274 Haraldus
995 3212 1050 3274 dei
1077 3215 1190 3292 gratia
1219 3213 1302 3276 dux.

259 3312 298 3391 »14
317 3309 429 3372 Tosti.
520 3312 559 3391 »14
583 3309 748 3389 AElgarus
776 3310 857 3372 dux.
928 3310 1180 3392 ›1⁴Girildux.
1259 3314 1299 3394 »14

256 3408 452 3472 Leofwinus
484 3409 566 3471 dux.
631 3408 855 3490 ›1⁴Brihtric.
926 3411 965 3490 »14
987 3409 1057 3473 Ulf.
1138 3414 1177 3493 »14
1199 3410 1304 3476 Suen.

260 3511 299 3590 »14
320 3506 457 3570 AElnod.
515 3509 554 3588 »14
574 3507 717 3570 Waldcr
733 3509 1009 3589 subscripsimus.

304 3606 432 3670 Actum
449 3605 649 3669 Wintoniae
664 3606 699 3667 in
716 3607 854 3688 publica
871 3608 967 3671 curia
982 3608 1107 3672 natalis
1124 3608 1254 3673 Christi
1271 3610 1306 3673 in

255 3709 309 3771 die
335 3705 535 3769 sestiuitatis
560 3705 672 3767 sancti
701 3704 879 3787 Syluestri‚
901 3726 992 3770 anno
1019 3707 1148 3771 domini
1167 3725 1306 3773 mxv,

256 3826 346 3873 anno
371 3811 485 3868 autem
516 3805 613 3884 regni
639 3805 748 3867 nostri
772 3820 867 3868 mxl.
890 3825 952 3887 per
969 3807 1083 3869 omnia
1105 3807 1306 3872 benedictus

253 3908 348 3982 deus,
365 3903 488 3968 Amen.

308 4009 347 4088 »14
369 4004 444 4083 Ego
466 4001 608 4065 AElfnoa
627 4003 745 4065 abbas
802 4005 841 4084 »14
860 4001 1056 4068 Aselnodus
1082 4004 1200 4068 abbas
1261 4010 1301 4090 »14

255 4109 290 4173 S.
314 4104 489 4169 Leofiicus
519 4101 636 4164 abbas.
707 4104 746 4183 »14
763 4103 838 4182 Ego
855 4103 1046 4168 Ealdrcdus
1071 4105 1306 4170 subdiaconus

253 4206 417 4289 scriptum
435 4200 630 4282 recognoui.
