2902 4890
451 352 625 402 cnanran
650 352 991 403 auenosrxourcln.
1186 342 1251 405 115

546 608 896 676 nccnxxxvrr.

511 728 814 837 uinwuran,
836 759 933 824 1049.

250 907 290 988 ›1‹
313 905 523 970 arcarum
536 906 676 971 domino
694 915 812 972 nostro
831 906 936 971 ihesu
952 907 1112 972 Christo!
1153 908 1246 971 Dum

195 1004 434 1071 arclrireeteris
452 1005 671 1087 prouidentia
691 1013 809 1070 omnes
827 1013 1006 1071 creaturae
1022 1007 1058 1070 in
1077 1008 1246 1089 principio

194 1102 363 1169 formatae
387 1104 605 1187 formoseque
634 1112 772 1169 creatae
797 1112 890 1182 sunt,
917 1124 958 1169 ac
989 1106 1107 1170 multis
1136 1106 1246 1169 modis

195 1222 236 1269 ac
256 1203 406 1269 diuersis
440 1205 620 1287 speciebus
643 1204 854 1288 Olymphum
883 1224 964 1268 cum
994 1204 1163 1269 sideribus
1194 1226 1246 1269 rc·

196 1303 264 1367 tari
292 1321 370 1381 sno,
397 1302 578 1387 perficiens
598 1312 686 1368 nutu
708 1305 836 1387 quique
863 1303 1038 1386 frugiferis
1060 1305 1247 1369 seminibus

194 1409 334 1481 terrani,
347 1403 538 1487 oceanique
553 1405 659 1468 maris
674 1405 832 1487 abyssos,
845 1424 889 1468 ex
906 1404 998 1467 omni
1014 1411 1122 1486 parte,
1141 1424 1247 1487 supra

193 1500 297 1567 simul
326 1509 364 1567 et
394 1501 497 1580 infra,
527 1510 568 1567 ut
592 1503 742 1569 uoluerit
766 1523 831 1568 sua
861 1502 1064 1567 multimoda
1091 1505 1247 1586 potentia

194 1602 387 1685 gubernat3
428 1603 546 1685 sicque
572 1604 617 1667 ab
649 1603 749 1667 initio
775 1602 892 1666 mnndi
914 1602 1138 1684 triumphalia
1160 1609 1247 1666 tem-

193 1708 397 1784 peramenta
423 1720 535 1783 usque
569 1702 614 1765 ad
654 1701 892 1766 diffinitionem
922 1702 1089 1767 cessantis
1117 1702 1245 1766 saeculi

195 1807 329 1866 statuta
359 1808 544 1884 praecepta
572 1801 759 1866 conditoris
796 1801 1019 1879 custodiunt;
1059 1807 1096 1865 et
1129 1808 1245 1865 tamen

194 1899 379 1982 inprouida
400 1900 572 1982 fragilitas
590 1900 767 1964 hominum
790 1901 947 1965 omnibus
963 1902 1130 1966 creaturis
1148 1921 1247 1984 prae·

194 1998 310 2077 latior,
341 2005 483 2082 propter
515 2000 845 2082 praeuaricationem
879 2019 1041 2063 corruens
1072 2001 1109 2064 in
1139 2001 1246 2064 caeci-

195 2105 304 2163 tatem
335 2099 547 2181 caliginosae
576 2101 699 2163 mortis
725 2107 761 2163 et
795 2100 940 2182 primam
974 2099 1243 2163 immortalitatis

196 2198 323 2263 stolam
357 2199 549 2280 lugubriter
579 2198 714 2278 amisit3
752 2198 879 2262 idcirco
909 2199 1066 2261 meritam
1099 2198 1243 2261 incurrit

195 2297 281 2361 uam
314 2316 416 2362 omne
447 2316 557 2379 genus
593 2298 788 2374 humanum,
821 2316 1033 2379 regnumque
1063 2304 1144 2378 post
1167 2317 1245 2377 reg-

195 2414 276 2461 num
300 2396 474 2461 mobiliter
501 2415 643 2461 manens
669 2403 705 2461 et
726 2397 909 2478 perniciter
931 2396 1103 2460 recedens.
1165 2395 1246 2474 Qua

196 2495 238 2561 de
252 2515 304 2572 re,
315 2515 382 2577 ego
398 2495 645 2573 Eadweardus‚
658 2496 776 2560 diuina
791 2495 960 2560 adridenti
975 2495 1101 2576 gratia,
1112 2492 1245 2576 Angel-

197 2594 375 2661 Saxonum
393 2602 429 2661 et
449 2616 559 2678 aeque
579 2597 687 2661 totius
703 2595 864 2660 Albionis
884 2615 958 2674 rex,
976 2595 1054 2658 dedi
1071 2594 1244 2677 quandam

194 2702 328 2777 partem
360 2701 485 2772 terrae,
518 2695 554 2758 id
580 2703 645 2772 est,
671 2713 775 2758 unam
806 2695 972 2777 perticam
1000 2702 1035 2759 et
1069 2694 1244 2759 dimidiam

195 2813 271 2859 meo
296 2793 391 2857 fideli
410 2795 568 2858 ministro
592 2795 747 2859 uocitata
770 2794 907 2857 nomine
930 2793 1069 2871 Eadulf,
1089 2794 1164 2858 illic·
1185 2797 1245 2859 ubi

184 2893 335 2979 ruricoli
351 2901 398 2958 eet
412 2893 635 2975 Trefhrigcni
651 2893 720 2957 and
737 2901 784 2956 cet
797 2892 963 2976 Trefhryt
988 2894 1155 2971 uocitant,
1174 2895 1245 2958 ani-

195 3011 251 3056 mo
273 2992 395 3056 libenti
418 2993 580 3070 concedo,
598 2993 665 3055 nisi
682 2998 818 3056 tantum
842 2992 1060 3075 expeditione
1078 2995 1108 3056 si
1125 3013 1242 3058 neces-

197 3092 284 3155 sitas
310 3091 442 3172 exigat,
470 3099 506 3156 et
528 3092 645 3175 pontis
671 3091 898 3155 instructione
928 3093 1081 3166 arcisue;
1114 3112 1156 3155 ea
1185 3113 1246 3156 au-

196 3196 265 3254 tem
296 3190 503 3268 conditione,
527 3197 568 3256 ut
598 3192 675 3273 ipse
708 3190 834 3254 habeat
872 3199 1041 3272 utensque
1079 3190 1247 3255 foeliciter

195 3288 340 3354 fruendo
364 3290 541 3371 possideat
565 3289 729 3372 quamdiu
758 3290 875 3363 uiuat;
913 3290 999 3352 etsi
1026 3288 1158 3352 dehoc
1185 3290 1248 3353 mi-

196 3395 319 3470 grante
340 3390 480 3453 saeculo
506 3390 710 3472 cuicumque
743 3388 913 3470 placabile
944 3388 991 3451 sit
1020 3387 1168 3451 libenter
1191 3387 1246 3451 dei

195 3486 441 3570 bominumque
465 3488 501 3551 in
528 3495 733 3571 perpetuum
750 3488 786 3551 in
815 3487 933 3552 eedem
956 3487 1116 3551 libertate
1142 3486 1245 3550 relin-

195 3586 323 3670 quendi
344 3586 519 3652 licentiam
547 3587 685 3655 habeat.
738 3586 776 3650 Si
800 3587 878 3669 quis
905 3606 987 3651 uero
1009 3605 1079 3650 non
1103 3585 1243 3668 perhor-

195 3692 310 3751 rescat
343 3686 531 3751 machinari
567 3693 723 3751 nostrum
761 3685 948 3762 decretum,
986 3685 1075 3749 sciat
1107 3704 1144 3748 se
1170 3704 1246 3748 cor·

195 3791 352 3850 ruentem
386 3784 422 3849 in
462 3786 670 3869 profundum
702 3784 904 3848 barathrum
937 3785 1068 3848 aeterni
1097 3785 1180 3860 orci,
1211 3792 1247 3849 et

196 3882 418 3949 aeternaliter
432 3884 551 3950 laetali
571 3885 686 3966 laquei
713 3886 808 3966 [post
826 3885 1025 3964 termin]um
1045 3883 1139 3946 uitae
1162 3903 1246 3948 suae

196 3983 279 4047 diris
302 3983 450 4048 flammis
468 3984 712 4049 cruciaturum.
757 3981 850 4047 Aeta
866 3990 919 4047 est
936 3989 1050 4047 autem
1067 3981 1153 4046 haec
1169 4003 1247 4048 mea

194 4082 461 4160 donatianum
492 4085 536 4147 ab
569 4083 805 4147 incarnatione
838 4082 966 4146 domini
1003 4083 1111 4146 nostri
1143 4082 1247 4148 lhesu

1064 4193 1109 4242 12
