2902 4890
196 365 262 429 254
451 382 623 429 cessure
646 379 986 431 auenosaxoureau.

198 541 329 621 scripta
360 537 512 602 maneria
548 537 592 602 ad
631 535 780 600 uictuale
817 535 1007 600 subsidium
1042 535 1177 600 abbatis
1215 547 1250 602 et

198 640 443 705 monachorum
462 638 497 700 in
520 639 637 702 eodem
660 637 737 701 loco
755 636 820 700 deo
837 642 1002 719 perpetue
1024 637 1249 703 seruientium

199 761 276 805 mea
299 741 398 822 larga
424 739 609 804 donatione
630 743 665 802 et
689 737 908 802 concessione
930 736 1056 800 ibidem
1078 738 1247 812 contulit;

198 841 360 905 uidelicet
384 840 601 904 medietatem
629 838 779 902 eiusdem
808 837 910 901 uillae
937 838 973 900 in
1003 856 1073 920 qua
1104 836 1250 903 fundata

198 949 252 1005 est
267 942 344 1023 ipsa
362 940 541 1014 aecclesia,
558 939 680 1002 deinde
694 939 858 1014 Souoam,
871 936 1133 1020 Greneburgan‚
1146 936 1248 1003 leke-

200 1049 327 1117 tonam,
347 1039 577 1114 Hunitonam‚
594 1036 841 1113 Neowenham,
856 1037 1051 1115 Hulhtune,
1064 1037 1250 1102 Cbadeles-

198 1140 315 1216 hante,
346 1138 559 1221 Herdewyk‚
600 1138 814 1214 Cestretnne,
849 1138 1093 1219 Waspertune,
1139 1137 1250 1202 Such-

197 1240 288 1317 ham,
308 1239 567 1322 Byrtingabirig
594 1240 695 1301 iuxta
712 1237 823 1312 Auen,
843 1238 1011 1314 Merston,
1036 1239 1118 1301 item
1135 1238 1248 1302 Mers-

197 1347 292 1416 tnna,
317 1340 353 1402 in
383 1338 609 1415 Gloecestria,
636 1338 853 1402 medietatem
885 1337 989 1401 uillae
1020 1337 1062 1400 de
1089 1338 1249 1415 Lintune,

198 1440 307 1514 Sowe,
322 1439 510 1522 Salewarp‚
524 1439 662 1502 Eatuna
678 1439 779 1501 iuxta
795 1438 936 1501 fluuium
949 1437 1034 1514 Dee,
1055 1436 1248 1520 Kildesbig‚

199 1540 426 1617 Winewican,
453 1538 647 1616 Burhbeca,
673 1538 854 1615 Barwalle‚
886 1537 1093 1620 Serapetoft,
1119 1537 1249 1602 Pakin·

196 1647 269 1717 ton,
286 1659 348 1723 pro
366 1639 559 1704 reuerentia
579 1640 697 1722 itaque
715 1646 750 1703 et
767 1638 896 1703 honore
913 1644 1055 1703 sanctae
1076 1638 1131 1702 dei
1152 1639 1249 1719 geni·

197 1740 291 1805 tricis
310 1740 445 1804 Mariae
473 1740 652 1822 sanctique
683 1739 844 1804 aduocati
866 1740 932 1802 mei
964 1738 1114 1821 apostoli
1139 1737 1249 1815 Petri,

197 1840 241 1904 do
274 1849 310 1904 et
336 1840 485 1905 concedo
518 1839 635 1904 abbati
666 1838 855 1916 Leoswino‚
877 1846 912 1903 et
934 1839 1093 1903 omnibus
1123 1837 1250 1904 futuris

197 1941 322 2005 ibidem
343 1947 422 2023 post
447 1960 525 2004 eum
553 1939 747 2017 abbatibus,
763 1939 800 2002 in
822 1945 897 2004 tota
916 1939 1134 2020 possessione
1151 1958 1246 2003 mon·

197 2041 327 2117 asterii,
347 2038 468 2104 saliam
492 2048 527 2104 et
544 2059 696 2116 socnam,
714 2047 750 2103 et
767 2038 964 2103 theloneum
980 2058 1081 2105 snum
1102 2039 1250 2104 interra

198 2148 233 2205 et
250 2142 286 2204 in
300 2160 404 2223 aqua,
421 2141 457 2202 in
473 2141 556 2204 urbe
574 2147 609 2204 et
627 2146 739 2217 extra,
760 2146 795 2203 et
810 2158 929 2204 omnes
946 2139 1041 2219 leges
1057 2144 1092 2202 et
1109 2158 1251 2204 consue·

197 2241 333 2305 tudines
359 2248 431 2303 tam
457 2240 557 2322 plene
583 2246 714 2304 ettam
742 2239 849 2304 libere
874 2239 963 2303 sient
985 2258 1045 2303 eas
1071 2237 1248 2320 praefatus

196 2342 268 2404 dux
298 2340 577 2407 honorificentius
605 2346 640 2404 et
662 2339 804 2403 liberius
824 2339 867 2402 de
888 2358 942 2404 me
964 2339 1086 2403 tenuit.
1140 2337 1248 2404 Prae·

196 2442 286 2522 cipio
308 2441 425 2521 itaque
446 2448 485 2504 ut
502 2439 618 2504 omnia
634 2459 723 2521 quae
744 2440 788 2503 ad
810 2438 922 2521 ipsam
945 2438 1146 2504 aecclesiam
1169 2458 1247 2521 per·

196 2542 307 2605 tinent
334 2541 404 2604 sint
432 2541 569 2605 omnino
597 2540 717 2614 libera,
739 2546 852 2604 terrae
880 2539 995 2604 cultae
1023 2545 1059 2602 et
1085 2538 1248 2617 incultae,

196 2661 274 2705 cum
300 2640 452 2704 exitibus
478 2647 583 2723 atque
610 2639 798 2704 redditibus
829 2635 1083 2723 praedictorum
1113 2658 1247 2704 necnon

196 2741 351 2804 maneria
373 2747 409 2803 et
432 2740 631 2815 aecclesiae,
651 2740 830 2815 cimiteria,
848 2739 1013 2815 decimae,
1030 2739 1197 2816 redditus,
1213 2748 1249 2804 et

196 2840 339 2904 seruitia
365 2839 493 2914 debita,
519 2839 723 2914 oblationes,
754 2839 948 2916 luminaria,
971 2858 1154 2903 causarum
1179 2838 1248 2904 dis·

195 2940 385 3015 sussiones‚
398 2939 655 3002 emendationes
673 2937 948 3003 aecclesiasticae
966 2939 1022 3002 uel
1039 2939 1247 3019 saeculares,

195 3046 231 3102 et
255 3037 418 3122 quicquid
445 3038 495 3103 illi
523 3039 600 3103 loco
626 3038 789 3102 collatum
815 3047 869 3102 est
894 3039 958 3104 sub
980 3039 1116 3122 integra
1137 3040 1249 3105 inmu-

196 3139 304 3203 nitate
327 3139 544 3203 concedimus
569 3145 604 3205 et
623 3147 789 3223 perpetuo
807 3138 995 3204 firmamus.
1048 3139 1095 3203 Et
1110 3159 1153 3204 ue
1170 3141 1248 3222 quis

195 3241 426 3320 praesentium
455 3241 510 3304 uel
538 3240 649 3321 magis
681 3239 874 3305 futurorum
903 3239 1057 3321 ambiget
1084 3258 1173 3320 quae
1201 3241 1248 3304 sit

194 3339 255 3402 illa
287 3339 427 3403 libertas
463 3359 567 3423 quam
604 3340 799 3404 amabiliter
832 3345 868 3404 et
902 3339 1046 3404 firmiter
1083 3338 1247 3417 concedo,

195 3438 399 3502 omnimodis
415 3448 539 3503 cuncta
562 3439 656 3503 illius
675 3440 863 3505 aecclesiae
880 3439 1054 3522 possessio
1078 3438 1183 3503 nullis
1200 3440 1247 3503 sit

194 3558 347 3621 unquam
366 3545 515 3619 grauata
530 3540 690 3604 oneribus
715 3559 778 3603 nec
795 3539 1024 3622 expeditionis
1046 3559 1109 3603 nec
1131 3539 1247 3621 pontis

194 3645 229 3701 et
246 3639 335 3701 arcis
359 3638 608 3717 aedificatione,
630 3659 694 3703 nec
717 3639 802 3704 iuris
823 3639 951 3722 regalis
978 3638 1159 3720 fragimine
1183 3658 1262 3703 nec·

194 3737 278 3802 suris
313 3738 594 3819 apprehensione.
657 3740 703 3803 Et
737 3747 777 3805 ut
809 3740 925 3804 omnia
958 3739 1061 3804 simul
1091 3758 1246 3821 compre·

195 3839 353 3915 hendam,
371 3839 418 3900 nil
437 3839 537 3903 debet
553 3839 688 3903 exsolui
711 3859 774 3905 nec
796 3840 870 3922 regi
892 3859 955 3904 nec
986 3839 1077 3921 regis
1102 3858 1248 3922 praepo-

194 3940 262 4003 sito
290 3938 346 4001 uel
373 3939 533 4021 episcopo
563 3939 619 4002 nel
647 3939 708 4003 ulli
734 3940 876 4018 homini,
902 3939 963 4004 sed
990 3939 1106 4004 omnia
1131 3939 1248 4004 debila

194 4038 419 4103 exsoluantur
444 4040 570 4122 iugiter
604 4058 692 4121 quae
724 4041 759 4103 in
788 4040 865 4122 ipsa
894 4040 1023 4105 ditione
1050 4038 1176 4104 fuerint
1201 4040 1246 4104 ad

194 4139 428 4221 supradictum
452 4148 609 4205 sanctum
632 4140 746 4204 locum
780 4141 966 4205 secundum
989 4139 1083 4224 quod
1107 4138 1246 4204 ordina·
