2902 4890
200 389 266 456 252
459 405 630 453 cunnrnn
657 403 995 454 Anonosnxonicnn.

202 562 342 626 ditibus.
411 564 448 627 Si
480 563 557 647 quis
590 570 705 627 autem
741 561 795 625 his
832 563 932 628 donis
968 569 1114 628 conatus
1153 563 1256 629 fuerit

202 683 329 746 ponere
346 663 575 747 calumpniam
598 662 782 728 anathema
798 662 910 727 factus
926 664 1011 727 iram
1029 663 1085 728 dei
1101 665 1256 730 incurrat

202 772 413 846 perpetuam.
480 764 598 847 thue
642 771 781 828 nostrae
821 763 1017 828 donationis
1063 766 1255 829 auctoritas

203 865 318 927 uerius
356 864 553 946 firmiusque
595 869 755 928 teneatur
785 863 999 946 inposterum
1037 885 1140 928 manu
1178 884 1257 928 mea

202 963 370 1028 firmando
401 963 643 1047 subterscripsi
676 963 770 1047 quod
809 970 844 1027 et
880 962 997 1045 plures
1037 964 1147 1029 secere
1185 971 1256 1029 tes-

203 1064 298 1126 tium.

253 1163 395 1245 Signum
413 1164 504 1246 regis
520 1164 703 1229 Eadwardi
718 1167 773 1247 ᾧ.
828 1163 969 1244 Signum
984 1164 1130 1228 Roberti
1146 1164 1257 1228 archi-

202 1263 354 1346 episcopi
371 1263 647 1346 Rotomagensis
668 1265 724 1345 »1«.
784 1263 967 1328 Hereberti
989 1264 1142 1347 episcopi
1161 1264 1257 1328 Lex-

202 1363 351 1427 ouiensis
381 1365 436 1445 »1«
514 1364 660 1429 Roberti
697 1364 850 1448 episcopi
888 1363 1164 1428 constantiensis
1198 1366 1253 1446 ᾧ.

203 1461 345 1544 Signum
362 1464 539 1547 Radulphi
561 1466 616 1548 ἧς.
668 1465 813 1546 Signum
830 1463 988 1528 Uinsredi
1012 1466 1069 1546 ᾧ.
1123 1463 1254 1547 Nigelli

201 1562 424 1629 uicecomitis.
478 1564 678 1630 Anschitilli
695 1564 879 1629 Choschet.
931 1562 1100 1628 Turstini.

661 1798 780 1810 ’.-

602 1961 852 2028 nccocxv.

578 2082 879 2178 nlownnsn.

256 2266 294 2344 ›1‹
319 2263 363 2327 ΙΝ
390 2262 634 2345 omnipotentis
656 2262 711 2327 dei
733 2262 885 2327 nomine!
937 2262 1014 2344 Ego
1038 2261 1252 2328 Eadwardus

200 2385 263 2428 rex
276 2364 390 2427 indico
406 2363 563 2427 omnibus
579 2362 774 2427 hominibus
792 2362 835 2426 de
850 2362 992 2427 consilio
1009 2363 1101 2446 quod
1115 2364 1251 2428 consili-

200 2471 279 2528 atus
296 2483 373 2527 sum
396 2481 474 2526 cum
495 2463 652 2526 omnibus
673 2463 877 2526 consiliariis
904 2463 989 2526 meis
1015 2480 1078 2545 pro
1101 2463 1253 2528 remedio

200 2564 334 2627 animae
356 2582 453 2626 meae
473 2569 509 2626 et
525 2583 587 2646 pro
609 2563 846 2627 incolumitate
866 2563 977 2626 tocius
998 2563 1112 2643 gentis
1129 2582 1248 2638 meae;

199 2663 264 2726 hoc
281 2671 347 2740 est,
365 2662 457 2746 quod
480 2682 595 2726 annuo
617 2669 792 2727 aeternam
816 2662 1011 2726 libertatem
1034 2669 1156 2727 sancto
1175 2664 1250 2746 regi

200 2762 402 2826 Eadmundo
420 2763 456 2824 in
475 2762 551 2825 loco
569 2763 605 2826 in
626 2782 696 2845 quo
717 2762 902 2845 requiescit
924 2763 974 2826 itu
995 2762 1144 2846 pleniter
1159 2763 1250 2828 sicut

198 2865 350 2944 unquam
377 2860 512 2943 plenius
549 2861 667 2939 habui,
696 2869 731 2926 et
757 2862 823 2926 hoc
851 2861 932 2927 uolo
958 2869 997 2926 ut
1023 2863 1165 2927 libertas
1199 2864 1250 2929 ita

197 2963 327 3025 stetin
352 2960 426 3024 eius
454 2967 641 3043 potestate,
667 2969 708 3025 ut
734 2961 893 3045 quotiens
926 2962 1080 3027 homines
1110 2981 1248 3026 censum

196 3059 425 3143 persoluerint
449 3061 617 3126 exercitui
641 3062 698 3127 uel
721 3058 867 3126 nauibus
894 3062 1024 3127 tociens
1047 3061 1151 3126 uillae
1174 3063 1248 3128 eius

196 3160 407 3226 habitatores
429 3180 569 3225 censum
593 3162 796 3244 persoluant
821 3161 918 3226 uelut
942 3161 1002 3226 alii
1026 3162 1180 3227 homines
1204 3163 1248 3226 ad

196 3263 434 3326 necessitatem
463 3262 598 3326 abbatis
625 3269 659 3327 et
682 3261 925 3326 monachorum
951 3263 1010 3345 qui
1044 3263 1091 3327 ibi
1124 3262 1250 3328 debent

195 3382 258 3444 pro
280 3363 379 3426 nobis
403 3361 542 3426 seruire.
592 3362 639 3425 Et
664 3362 838 3426 abbatiam
868 3382 973 3445 quam
1000 3362 1094 3426 Gnut
1116 3381 1179 3426 rex
1201 3363 1248 3426 ibi

195 3462 312 3544 elegit,
338 3481 379 3525 ac
410 3468 532 3544 postea
557 3460 665 3526 frater
692 3482 788 3525 meus
812 3461 1017 3527 Hardecnut
1049 3483 1111 3526 rex
1143 3463 1247 3526 simili

195 3562 297 3625 modo
320 3561 501 3638 stabiliuit,
518 3561 662 3643 pignore
687 3581 764 3627 meo
787 3569 821 3626 et
841 3563 990 3626 omnium
1008 3563 1247 3644 episcoporum

194 3681 347 3724 meorum
376 3667 644 3744 cunctorumque
676 3681 855 3745 procerum
885 3682 1017 3726 necnon
1045 3662 1247 3727 comitatum

195 3761 345 3824 eiusdem
383 3761 535 3843 episcopi
571 3761 715 3825 consilio
747 3763 980 3840 corroboraui,
1004 3769 1043 3826 ut
1071 3782 1246 3845 nunquam

195 3861 320 3944 aliquis
346 3860 470 3924 debeat
492 3867 724 3926 transmutare
752 3861 796 3924 ad
817 3861 960 3927 alterius
982 3862 1111 3927 ordinis
1140 3863 1247 3943 uiros,

194 3961 258 4023 nisi
274 3960 358 4024 uelit
373 3962 526 4042 separari
540 3981 562 4024 a
577 3962 813 4025 communione
837 3961 891 4025 dei
909 3968 944 4026 et
961 3963 1113 4026 omnium
1131 3970 1246 4027 sanct-
1319 3949 1321 3952 ⁵

193 4079 290 4122 orum
303 4059 387 4124 eius.
421 4059 548 4125 Annuo
561 4063 664 4125 etiarn
681 4066 802 4125 sancto
816 4062 889 4143 regi
899 4061 1103 4126 Eadmundo
1117 4068 1244 4127 terram

193 4159 236 4222 ad
250 4159 474 4241 Myldenhale
489 4180 566 4225 cum
589 4162 684 4226 nictu
696 4168 732 4226 et
747 4161 957 4244 hominibus;
974 4169 1010 4226 ct
1021 4161 1097 4227 iura
1112 4163 1246 4245 regalia
