2880 4874
186 387 252 452 246
445 399 616 449 cuunran
642 396 983 447 unonosaxorucun.

188 560 318 636 destoc,
350 557 560 640 Littelbirig‚
583 556 740 634 Stratlai‚
765 555 855 620 duae
887 555 1077 638 Rodinges‚
1111 555 1244 620 Raten-

191 660 293 737 dune,
311 658 516 736 Amerdene‚
534 656 785 733 Brocheseued‚
801 656 915 734 Esne,
932 655 1129 738 Fanbruge,
1147 656 1247 720 Terl-

191 762 302 842 inges.
372 758 416 822 In
457 759 624 823 comitatu
657 755 839 834 Hertford,
871 755 1048 833 Hadham,
1085 756 1245 835 Hatfeld‚

193 859 402 925 Keleshelle.
454 858 498 922 In
520 858 688 923 comitatu
708 856 955 934 Huntendune‚
969 856 1144 940 Spaldwic
1167 877 1243 921 cum

192 959 415 1043 appendiciis,
433 958 687 1035 Sumeresham‚
703 956 824 1034 Golne,
842 957 1081 1021 Bluntesham.
1145 956 1245 1021 Haec

193 1067 229 1124 et
245 1059 366 1125 horum
385 1058 588 1144 appendicia
607 1059 682 1122 siue
703 1057 836 1121 maiora
858 1058 931 1122 siue
951 1058 1086 1122 minora
1106 1059 1248 1141 insuper

194 1161 309 1224 omnia
335 1179 358 1223 a
378 1178 596 1242 quocumque
618 1157 753 1223 adiecta
782 1157 838 1222 uel
863 1157 1054 1222 adiicienda
1078 1159 1246 1223 bonorum

195 1259 391 1325 testimonio
409 1277 582 1343 possessa,
592 1277 671 1322 cum
682 1257 776 1323 omni
793 1276 875 1322 saca
891 1263 926 1321 et
941 1276 1024 1322 soca
1039 1258 1113 1323 sine
1130 1258 1247 1342 aliqua

195 1361 399 1443 exceptione
422 1359 610 1424 saecularis
635 1357 692 1422 uel
718 1357 994 1422 aecclesiasticae
1015 1359 1176 1422 iusticiae
1197 1359 1248 1421 illi

195 1460 405 1525 monasterio
442 1460 576 1536 damus,
616 1458 701 1522 data
737 1458 854 1540 quieta
888 1458 1090 1535 clamamus,
1128 1458 1247 1522 eadem

196 1580 267 1643 qua
303 1561 415 1624 sancti
450 1560 516 1622 uiri
549 1558 634 1623 illud
673 1557 956 1640 glorificarerunt
985 1558 1155 1637 libertate,
1180 1578 1249 1643 quo

196 1679 307 1743 neque
324 1661 507 1743 episcopus
531 1678 641 1742 neque
662 1676 775 1723 comes
799 1677 910 1742 neque
933 1659 1079 1723 alicuius
1096 1659 1251 1724 exactio·

197 1761 251 1824 nis
277 1761 435 1825 minister
461 1760 534 1824 sine
556 1759 697 1823 licentia
720 1758 776 1823 uel
803 1759 1031 1823 aduocatione
1050 1759 1189 1824 abbatis
1216 1766 1250 1822 et

199 1859 344 1925 fratrum
368 1859 440 1924 ullo
463 1859 565 1924 modo
587 1878 625 1924 se
647 1865 848 1941 praesumat
864 1858 1092 1924 intromittere
1106 1860 1164 1924 uel
1178 1879 1249 1924 rem

198 1968 339 2026 sanctae
365 1960 481 2044 aliquo
502 1959 604 2024 modo
627 1959 830 2043 inquietare.
871 1959 991 2042 Sitque
1012 1959 1047 2022 in
1070 1979 1190 2025 eorum
1212 1967 1251 2024 ut

197 2081 333 2144 semper
350 2060 416 2125 fuit
430 2060 572 2125 arbitrio
587 2079 608 2124 a
625 2079 830 2143 quocunque
852 2060 1068 2143 potissimum
1084 2060 1251 2143 elegerint

200 2161 352 2226 ordinari
396 2162 453 2225 uel
491 2179 556 2225 sua
588 2160 797 2225 sanctificari
831 2160 1007 2243 episcopo,
1034 2160 1251 2225 conuenienti

199 2260 357 2344 equidem
384 2260 610 2345 dispositione
632 2261 751 2342 regina
778 2260 843 2324 hac
859 2261 971 2324 utitur
985 2260 1149 2326 libertate
1163 2280 1251 2344 quae

200 2381 316 2444 regem
342 2368 376 2426 et
393 2380 538 2444 regnum
561 2360 794 2445 mundumque
814 2359 992 2452 florentem
1017 2361 1179 2426 deserens
1202 2362 1253 2425 in-

200 2463 310 2527 sulam
333 2481 397 2544 pro
423 2460 582 2526 dotalitio
615 2461 769 2543 possedit
796 2461 855 2524 ubi
877 2479 1004 2544 sponso
1028 2479 1092 2526 suo
1113 2461 1252 2526 Christo

200 2562 420 2643 integerrime
446 2560 602 2639 seruiuit‚
622 2561 714 2644 quod
744 2568 779 2625 et
802 2580 883 2625 caro
908 2560 1034 2625 florens
1061 2562 1098 2625 in
1122 2562 1253 2626 tumulo

201 2667 300 2726 ueste
327 2663 431 2726 etiam
462 2661 664 2743 incorrupta
690 2661 852 2726 ostendit.
896 2660 996 2725 Haec
1014 2681 1253 2746 quemcunque

203 2759 314 2825 uoluit
341 2762 540 2844 episcopum
562 2760 688 2825 asciuit
710 2760 771 2825 sed
796 2768 937 2824 sanctus
954 2760 1147 2826 Wilfredus
1164 2762 1255 2826 Ebo-

202 2860 354 2924 racensis
386 2859 665 2943 archiepiscopus
703 2860 904 2924 familiarior
943 2861 1061 2925 extitit
1089 2864 1150 2946 qui
1178 2882 1253 2927 eam

203 2979 282 3024 cum
308 2978 372 3023 suo
404 2966 505 3023 coetu
536 2960 708 3041 uirginum
733 2961 960 3024 consecrauit.
1022 2961 1111 3025 Gum
1138 2971 1253 3028 autem

203 3059 312 3124 multo
334 3060 517 3142 posteriori
540 3066 693 3142 tempore
721 3061 863 3126 seruitio
889 3060 944 3125 dei
965 3081 1052 3145 peno
1076 3062 1255 3127 deficiente

204 3161 386 3243 Eadgarus
428 3167 639 3225 restauraret
668 3161 883 3239 coenobium,
912 3161 1027 3244 posito
1063 3163 1112 3226 ibi
1151 3183 1255 3245 grege

204 3261 449 3326 monachorum
475 3262 600 3344 quibus
626 3262 769 3325 abbates
797 3260 962 3344 praefecit
995 3281 1082 3346 quos
1114 3271 1265 3329 sanctus·

206 3361 457 3426 AE’oeluuoldus
486 3368 521 3425 et
548 3368 689 3426 sanctus
716 3359 918 3425 Dunstanus
949 3370 1161 3446 sanctusque
1194 3363 1257 3428 Os·

206 3461 339 3527 waldus
361 3462 620 3540 ordinauerunt,
638 3470 673 3525 et
696 3460 860 3545 quamdiu
884 3463 1048 3528 uixerunt
1063 3464 1164 3547 quasi
1186 3463 1257 3527 suis

206 3562 464 3625 consuluerunt.
527 3560 616 3628 Post
643 3561 706 3626 hos
734 3580 889 3644 quosque
922 3563 1082 3627 meliores
1120 3563 1258 3627 uinculo

204 3660 383 3725 charitatis
404 3660 470 3725 sibi
492 3660 721 3725 adtrahebant
738 3681 757 3724 e
776 3662 900 3744 quibus
924 3662 1061 3746 aliquos
1086 3682 1203 3727 secum
1220 3664 1257 3727 in

206 3761 416 3825 monasterio
440 3762 645 3826 retinebant.
703 3760 837 3825 Harum
864 3782 947 3844 ergo
970 3762 1258 3827 consuetudinum

207 3881 285 3925 oum
303 3881 371 3924 non
389 3860 530 3924 fuissem
553 3863 760 3926 constitutor
776 3862 868 3926 malo
883 3881 958 3926 esse
975 3864 1075 3928 testis
1097 3870 1132 3927 et
1148 3863 1260 3929 fidelis

208 3969 432 4026 conseruator
465 3980 569 4045 quam
607 3961 758 4044 perfidus
790 3970 826 4026 et
857 3963 1071 4028 detestabilis
1108 3982 1260 4043 euersor,

208 4059 309 4124 deum
331 4080 502 4125 summum
525 4069 736 4127 seruatorem
754 4062 932 4141 inuocans,
950 4070 990 4128 ut
1006 4063 1064 4147 qui
1078 4063 1165 4128 haec
1181 4084 1261 4129 con·

207 4161 332 4226 stituta
351 4169 548 4226 sanctorum
571 4169 795 4247 nostrumque
818 4164 996 4246 infregerit
1017 4171 1261 4230 testamentum
