2902 4890
194 365 260 427 154
447 358 620 425 curaris
643 376 986 426 auocosaxomouu.

194 535 374 598 exinanita
389 553 467 596 cum
483 533 641 595 omnibus
656 552 718 614 per
731 533 911 598 circuitum
926 532 971 596 ad
986 551 1024 595 se
1038 532 1103 596 rite
1120 532 1246 614 pertin-

194 636 343 711 entibus,
368 633 511 714 campis,
535 633 684 715 pascuis,
707 632 830 715 pratis,
850 633 960 709 siluis,
981 633 1113 709 riualis,
1134 633 1247 696 tribus

195 735 362 815 exceptis,
395 733 628 814 expeditione,
661 734 776 815 pontis
811 734 944 797 arcisue
980 733 1247 796 constructione.

195 834 326 897 iccirco
343 852 426 896 uero
443 833 545 896 buius
568 832 764 898 donationis
781 833 1048 897 munificentiam
1066 841 1138 896 tam
1155 833 1248 895 firm-

192 935 259 997 iter
288 939 394 1014 atque
423 931 643 997 immobiliter
684 934 892 1015 imperamus
925 933 1007 1016 quia
1039 953 1102 1016 pro
1132 932 1199 995 boc
1226 951 1249 995 a

193 1032 331 1097 domino
353 1032 511 1097 coelestis
529 1033 626 1113 regni
644 1033 892 1097 beatitudinem
915 1033 1072 1116 accipere
1090 1051 1246 1115 speram·

194 1153 247 1210 uS,
266 1133 327 1197 illo
348 1132 518 1214 largiente
533 1133 590 1196 cui
615 1140 669 1197 est
690 1132 811 1210 bonor,
832 1141 988 1216 potestas
1013 1139 1049 1198 et
1064 1133 1247 1215 imperium

192 1252 255 1315 per
284 1231 420 1296 infinita
447 1232 663 1296 saeculorum
690 1233 842 1300 saccula.
893 1231 1017 1297 Amen.
1073 1231 1167 1297 Acta
1193 1238 1248 1295 est

194 1338 310 1395 autem
333 1331 491 1413 praefata
512 1332 653 1396 donatio
676 1352 767 1398 auno
787 1333 978 1397 dominicae
1000 1333 1249 1396 incarnationis

196 1433 381 1496 .u⁰.ux⁰11⁰.
396 1432 582 1496 indictione
600 1450 675 1497 mv,
694 1434 986 1498 consentientibus
1007 1432 1074 1497 biis
1099 1433 1249 1496 testibus

193 1550 339 1614 quorum
355 1533 527 1597 uocabula
541 1531 634 1596 infra
648 1541 816 1598 caraxata
832 1533 925 1598 clare
939 1540 1130 1617 patescunt

244 1631 320 1712 Ego
334 1631 564 1696 Eaduuardus
578 1629 772 1714 Auglorum
795 1633 1001 1698 monarchus
1023 1633 1089 1697 boc
1118 1633 1247 1696 donum

192 1731 293 1813 agiae
310 1732 421 1796 crucis
439 1739 594 1797 taumate
611 1734 773 1798 roboraui
794 1735 853 1816 ᾖ.

592 2029 843 2097 ncccxrn.

486 2146 788 2258 nlowunnn,
810 2180 907 2245 1062.

248 2330 287 2409 ›1‹
309 2328 354 2392 ΙΝ
370 2329 507 2393 nomine
523 2330 652 2394 domini
666 2331 775 2394 nostri
797 2330 901 2394 Ihesu
921 2329 1063 2407 christi,
1079 2329 1141 2411 qui
1154 2348 1247 2391 uuus

192 2428 277 2492 deus
298 2428 333 2491 in
356 2430 510 2494 trinitate
533 2431 578 2494 ab
600 2431 757 2494 omnibus
779 2449 818 2494 se
840 2430 1032 2494 colentibus
1049 2437 1249 2505 ueneratur,

193 2536 227 2591 et
245 2547 332 2610 puro
350 2529 463 2593 cordis
482 2529 607 2594 affectu
626 2530 813 2594 adoratur!
866 2529 942 2611 Ego
959 2529 1173 2594 Eadwardus
1191 2528 1248 2591 dei

193 2627 284 2691 dono
303 2626 496 2710 Anglorum
528 2650 590 2694 rex
620 2630 655 2693 in
685 2630 786 2693 huius
818 2629 937 2693 mundi
966 2630 1113 2694 decursu
1144 2627 1247 2692 buius

193 2728 322 2791 saeculi
344 2728 492 2793 filiorum
513 2729 571 2812 qui
594 2729 676 2793 iusti
692 2729 913 2794 inueniuntur
929 2730 1072 2794 studens
1089 2727 1248 2792 exaltare
1349 2751 1352 2755 ¹

194 2847 301 2891 cornu
315 2835 437 2910 utpote
452 2829 576 2910 regalis
592 2829 726 2911 imperii
738 2829 812 2893 iure
827 2831 892 2894 rite
905 2830 1069 2906 roborati,
1079 2828 1248 2892 accedant

194 2926 237 2991 ad
264 2947 340 2990 eum
368 2948 429 3009 per
448 2929 571 2993 callem
595 2928 750 2994 iustitiae
771 2931 831 3012 qui
856 2929 918 2994 dat
938 2930 1135 3012 petentibus
1155 2929 1248 2992 iuste

194 3034 230 3091 et
255 3027 414 3109 religiose
436 3029 562 3096 uiuere
626 3029 726 3093 Haec
749 3037 865 3094 tamen
896 3031 999 3094 beata
1021 3029 1248 3093 commutatio

194 3126 298 3208 digne
318 3137 476 3193 censetur
499 3130 534 3193 in
551 3128 616 3193 hoc
633 3129 772 3194 saeculo
793 3137 834 3193 ut
850 3129 907 3194 cui
924 3129 1093 3193 foelicitas
1108 3134 1247 3191 tantum

195 3226 437 3293 deliberauerit
461 3230 565 3294 animi
581 3229 674 3313 quod
692 3229 917 3294 mundialium
940 3229 1127 3310 grauedine
1151 3229 1250 3310 cupi-

195 3327 343 3391 ditatum
373 3331 567 3410 postposita
600 3330 698 3394 uelut
723 3349 869 3411 granum
894 3328 1057 3394 frumeuti
1088 3347 1110 3392 a
1136 3328 1248 3410 spinis

195 3427 442 3492 suffocantibus
464 3429 650 3511 aliquando
665 3449 750 3493 uero
764 3430 912 3494 dumetis
929 3427 1177 3504 arescentibus
1191 3427 1248 3492 de·

195 3527 300 3609 cipiat
315 3528 352 3590 in
370 3525 460 3590 huuc
483 3534 637 3592 tenorem
658 3529 788 3612 emergi
805 3538 845 3595 ut
867 3529 985 3594 diuina
1001 3529 1131 3593 uirtute
1154 3527 1248 3590 firin-

195 3634 274 3689 atus
305 3627 424 3709 uigeat
456 3645 519 3690 suo
549 3628 697 3692 creatori
726 3637 762 3693 ct
789 3629 941 3694 domino.
997 3628 1091 3693 Istas
1120 3628 1247 3692 etenim

196 3726 286 3790 iuter
314 3725 532 3791 transitorias
566 3727 685 3791 mundi
719 3728 888 3810 procellas
924 3728 1061 3792 cuidam
1092 3747 1248 3792 meorum

195 3827 356 3891 comitum
395 3833 556 3891 onomate
591 3827 761 3904 Haroldo,
796 3829 969 3911 quandam
994 3835 1134 3904 terram,
1155 3847 1248 3910 quae

195 3925 385 4009 antiquitus
410 3928 454 3991 ab
475 3926 597 3991 incolis
613 3926 706 3990 illius
731 3927 798 3991 loci
816 3934 1037 4010 nuncupatur
1052 3926 1247 4006 Waltbam,

196 4026 422 4091 haereditario
444 4028 517 4091 iure
535 4027 700 4103 concessi,
719 4047 796 4091 cum
815 4029 974 4092 omuibus
996 4028 1041 4091 ad
1061 4047 1098 4091 se
1117 4028 1248 4110 pertin-

195 4126 342 4203 entibus,
360 4127 502 4211 campis,
520 4128 669 4209 pascuis,
688 4129 809 4211 pratiS,
826 4129 936 4205 siluis,
960 4134 995 4193 et
1017 4128 1125 4211 aquis.
1188 4128 1245 4192 Ex
