2902 4890
192 333 236 398 62
449 346 622 395 cuanrnn
648 344 989 395 aumosaxourcnu.

194 508 299 571 beant
315 505 380 569 hiis
398 523 439 569 ao
453 502 649 567 huiusmodi
665 502 833 567 similibus
849 510 1064 569 caeterorum
1081 504 1252 569 bonorum

193 625 334 689 operum
365 604 539 669 exercitiis
567 610 603 667 et
634 602 815 680 fructibus,
847 623 926 667 cum
959 604 1144 687 praecipue
1178 612 1251 669 tam

192 708 303 771 bonae
335 704 529 769 denotionis
556 702 707 766 liberalis
740 702 974 768 munificentia
1005 703 1104 768 nobis
1137 705 1251 768 inesse

194 805 296 870 debet
311 805 461 886 regibus,
476 823 623 885 quorum
638 802 773 879 ditioni,
796 823 865 866 non
884 803 1116 885 quorumlibet
1131 805 1250 869 merit·

194 925 293 970 orum
318 903 498 987 qualitate,
516 902 576 967 sed
600 902 708 966 solius
737 902 876 967 diuinae
904 903 1107 969 clementiae
1132 903 1248 987 proui-

194 1005 311 1070 dentia
336 1011 372 1068 et
387 1002 613 1085 dispositione
630 1001 674 1066 ad
692 1001 880 1083 regendum
897 1021 1082 1068 concessus
1099 1010 1152 1068 est
1167 1005 1248 1068 sub-

194 1105 304 1169 iectus
327 1102 477 1187 populus
502 1110 538 1167 et
561 1101 605 1166 ad
633 1102 799 1165 tuendum
822 1120 843 1165 a
868 1102 968 1165 malis
992 1102 1249 1168 imminentibus

194 1222 300 1269 sexus
328 1203 507 1284 utriusque
529 1201 614 1266 ordo
637 1201 924 1266 aecclesiasticus.
977 1202 1138 1286 Denique
1165 1223 1249 1286 quo·

194 1304 286 1368 uiam
312 1304 414 1367 iuxta
437 1301 667 1385 quantitatem
693 1301 868 1365 commissi
888 1302 1011 1366 talenti
1037 1302 1156 1367 durius
1183 1323 1247 1367 nos

194 1423 270 1469 esse
298 1402 487 1485 exigendos
517 1421 587 1465 non
613 1401 814 1483 ignoramus
844 1401 880 1464 in
904 1408 1093 1483 conspectu
1123 1401 1247 1468 iudicis

194 1503 362 1568 adorandi
389 1509 425 1568 et
452 1500 631 1578 tremendi,
654 1507 689 1565 et
711 1520 775 1584 pro
800 1520 903 1564 cursu
924 1508 1123 1568 transactae
1153 1503 1248 1567 uitae

194 1604 381 1686 adepturos
401 1602 513 1667 locum
533 1600 819 1666 remunerationis
839 1607 900 1665 aut
923 1620 1067 1684 poenae,
1083 1602 1161 1667 ideo
1185 1621 1248 1667 ex·

194 1703 290 1786 pedit
314 1702 413 1768 utin
440 1702 593 1784 suscepti
622 1699 725 1765 officii
752 1720 836 1765 cura
860 1701 911 1764 ita
935 1707 1073 1766 strenue
1102 1702 1248 1784 uigilare

194 1802 407 1879 studeamus,
425 1802 590 1883 quatinus
611 1799 666 1865 hio
690 1820 766 1865 cum
790 1801 906 1864 fructu
921 1801 1088 1865 bonorum
1104 1821 1248 1885 operum

194 1902 383 1984 tranquilla
405 1920 491 1984 pace
518 1901 683 1983 degentes
706 1900 749 1963 de
771 1899 1014 1982 triumphoque
1030 1909 1173 1966 sanctae
1193 1902 1248 1966 dei

194 2003 383 2068 aecclesiae
404 2000 555 2065 hostium
573 2007 609 2064 et
628 2008 825 2065 nostrorum
848 2000 1038 2081 gaudentes
1060 2002 1105 2064 ab
1127 2002 1247 2067 eodem

193 2103 333 2167 domino
348 2101 450 2165 ditari
462 2119 653 2164 mereamur
666 2101 799 2177 auditu,
813 2100 926 2164 ‘Boni
939 2100 1051 2181 euge,'
1061 2107 1097 2165 et
1109 2110 1247 2185 perpet·
1279 2106 1285 2116 '

194 2203 320 2267 naliter
334 2201 444 2267 foueri
467 2201 503 2265 iu
521 2201 691 2283 promissa
713 2207 910 2264 sanctorum
927 2201 1101 2265 consortio
1119 2202 1248 2286 requie.

196 2302 305 2367 Cuius
347 2300 541 2385 adeptionis
573 2300 696 2364 ardore
736 2298 910 2364 inhianter
952 2319 1150 2378 succensus,
1183 2321 1249 2384 ego

197 2402 383 2467 Hardcnut
404 2422 467 2465 rex
485 2400 677 2482 Anglorum
695 2404 840 2463 uocatus
858 2405 995 2480 gratum
1012 2420 1146 2465 mecum
1163 2400 1249 2467 duxi

196 2503 373 2567 notificare
399 2501 569 2577 omnibuS,
604 2507 676 2565 tam
705 2499 945 2582 praesentibus
976 2519 1081 2582 quam
1111 2500 1249 2579 suturis,

196 2603 376 2684 utriusque
393 2619 499 2664 sexus
516 2599 685 2675 fidelibus,
702 2598 1066 2682 praecellentissimum
1080 2599 1174 2664 Cnut
1188 2622 1248 2683 ge-

195 2702 341 2766 nitorem
356 2718 470 2762 meum
491 2718 569 2762 cum
594 2717 748 2775 assensu,
766 2698 869 2763 laude
891 2690 926 2763 et
941 2700 1085 2764 consilio
1107 2719 1249 2765 suorum

196 2799 542 2882 archiepiscoporum,
575 2799 829 2882 episcoporum,
855 2799 1032 2876 abbatum,
1064 2801 1249 2865 monacho·

197 2919 283 2975 rum,
303 2899 516 2976 clericorum,
539 2907 574 2964 et
597 2899 694 2980 regni
710 2899 765 2963 sui
782 2898 986 2965 deuotorum
1004 2919 1196 2982 procerum,
1214 2908 1250 2966 et

197 3006 411 3064 caeterorum
425 2998 565 3063 minoris
583 2998 713 3063 ordinis
730 2999 968 3080 gregariorum
983 2991 1143 3077 militum,
1160 3000 1249 3065 siout

195 3099 231 3163 in
263 3098 381 3163 ordine
412 3098 564 3163 eiusdem
603 3098 798 3163 continetur
830 3098 958 3179 regalis
994 3100 1183 3181 praecepti,
1208 3121 1249 3165 eo

197 3206 315 3263 tenore
332 3199 551 3264 constituisse
567 3197 754 3262 monachos
769 3198 804 3261 in
826 3197 903 3261 loeo
917 3199 1029 3263 sancti
1043 3199 1250 3278 Eadmuudi,

195 3300 248 3364 uti
272 3299 358 3363 nulli
375 3319 495 3381 regum
514 3308 577 3363 aut
593 3299 768 3363 hominum
786 3317 938 3379 unquam
954 3299 991 3361 in
1007 3298 1123 3363 futuro
1147 3299 1251 3365 liceat

196 3419 323 3481 ponere
345 3398 431 3463 inibi
455 3399 607 3463 ordinem
625 3399 741 3464 alium.
795 3396 874 3475 Quo
895 3397 1059 3462 uitalibus
1076 3399 1170 3462 auris
1188 3419 1250 3463 ex·

197 3507 323 3582 empto,
340 3517 463 3580 meque
485 3499 521 3562 in
536 3497 689 3562 eiusdem
704 3498 801 3578 regni
817 3497 904 3561 solio
922 3497 1040 3561 diuina
1057 3497 1250 3580 opitulante

196 3598 380 3664 clementia
393 3597 594 3674 substituto,
605 3603 640 3661 et
647 3596 844 3661 Londoniae
857 3597 1068 3680 praesidenti
1080 3598 1116 3661 in
1129 3617 1250 3680 gener-

197 3699 243 3762 ali
259 3699 374 3763 curiae
397 3696 540 3778 placit0,
556 3696 772 3778 AEgelnotus
792 3696 1052 3762 cantuariensis
1082 3697 1252 3782 archiepi-

180 3813 335 3881 scopus,
350 3816 427 3861 oum
444 3794 597 3860 eiusdem
622 3797 807 3861 comitatus
824 3797 994 3879 praesule,
1009 3796 1162 3862 AElsrido
1187 3818 1250 3863 no·

198 3898 300 3974 mine,
328 3905 464 3961 etcum
492 3895 640 3979 praelati
668 3897 781 3960 sancti
808 3897 875 3960 uiri
903 3905 1029 3962 uocato
1056 3898 1194 3975 abbate,
1217 3898 1252 3962 in

198 3996 396 4079 praesentia
417 4015 494 4059 mea
519 3996 634 4079 palam
653 3997 776 4073 astitit,
794 4003 829 4060 et
850 4003 1034 4078 utrumque
1051 4016 1073 4061 a
1093 4018 1147 4062 me
1172 4018 1251 4063 cum

198 4095 326 4159 eisdem
352 4097 465 4178 petiit,
483 4104 522 4160 ut
548 4096 755 4179 descriptam
784 4097 879 4178 prius
899 4116 921 4159 a
940 4097 1129 4162 uenerabili
1152 4105 1252 4180 patre
