2902 4890
199 357 244 422 60
467 373 639 420 crrnnrnu
661 371 1001 421 nnenosaxorucau.

200 531 363 596 solicolae
378 530 617 614 Hylcromban
633 539 668 596 et
680 533 836 596 Bocctuu
852 530 1021 605 uocitant,
1037 528 1157 593 libenti
1173 548 1256 592 con-

200 632 285 695 cedo
303 631 430 710 animo,
446 651 525 695 cum
543 632 701 695 omnibus
724 632 767 696 ad
794 651 831 694 sc
853 631 918 694 rite
935 629 1198 712 pertinentibus,
1216 634 1257 690 nt

200 731 287 814 ipse,
315 732 389 795 uita
416 732 553 808 comite,
579 732 725 795 fideliter
753 731 973 813 perfruatur3
996 736 1031 793 et
1055 734 1135 810 post
1160 727 1256 791 uitae

200 849 285 894 snae
322 831 504 894 terminum
544 831 678 895 duobus
713 832 837 914 quibus
871 829 1021 893 uoluerit
1049 828 1255 891 cleronomis

199 929 441 1013 derelinquat;
469 931 593 1013 quibus
616 932 718 994 etiam
745 950 789 994 ex
814 929 880 993 hac
904 929 979 992 uita
1001 927 1171 1009 migratis,
1194 946 1255 990 rus

198 1030 412 1112 praedictum
430 1030 474 1093 ad
498 1050 599 1093 usum
621 1029 779 1113 primatis
803 1028 989 1093 aecclesiae
1010 1028 1047 1090 in
1063 1026 1256 1108 Wiogerna

200 1129 343 1192 ciuitate
381 1131 585 1194 restituatur
614 1131 775 1193 immune.
843 1128 898 1191 Sit
927 1135 1043 1191 autem
1076 1127 1255 1210 praedicta

199 1236 292 1293 terra
307 1229 416 1292 libera
432 1230 476 1293 ab
493 1229 586 1294 omni
602 1229 771 1293 saeculari
785 1228 936 1309 negotio,
954 1227 1065 1291 tribus
1084 1227 1254 1309 exceptis,

198 1328 316 1406 idest,
339 1328 570 1411 expeditione,
592 1330 708 1412 pontis
735 1329 869 1393 arcisue
893 1325 1155 1406 aedificationc3
1190 1326 1253 1390 sed

199 1434 235 1492 et
252 1428 304 1491 his
320 1428 476 1492 confiniis
491 1430 648 1510 praefata
665 1429 910 1493 circumcincta
927 1426 1083 1490 habetur.

254 1530 293 1609 »14
323 1527 400 1608 Ego
427 1527 562 1592 Harald
592 1549 654 1593 rex
690 1529 780 1592 hanc
810 1526 1001 1611 praelatam
1031 1525 1253 1590 donationem

198 1627 363 1690 concessi.
418 1630 457 1709 »14
483 1628 560 1710 Ego
577 1628 699 1692 AElfric
717 1627 847 1693 christi
871 1626 1055 1707 largitione
1083 1625 1254 1708 archiepi-

197 1746 324 1808 scopus
341 1733 531 1791 carractere
548 1736 689 1792 sanctae
706 1728 817 1792 crucis
833 1726 1044 1807 consignaui.
1114 1726 1153 1806 »14
1173 1725 1251 1806 Ego

198 1826 324 1909 Lyling
350 1828 533 1909 episcopus
566 1829 707 1909 dignum
734 1827 830 1891 duxi.
900 1827 939 1907 »14
967 1826 1044 1906 Ego
1067 1824 1251 1889 AEltelstan

197 1925 379 2009 episcopus
396 1926 606 1993 confirmaui.
671 1931 710 2010 »14
733 1928 809 2008 Ego
826 1925 951 1989 Dudue
968 1926 1150 2007 episcopus
1165 1924 1251 1988 titu-

196 2025 278 2089 laui.
353 2027 392 2107 »14
416 2026 491 2107 Ego
509 2025 679 2092 Godwine
706 2026 789 2091 dux.
857 2027 896 2106 »14
920 2025 996 2106 Ego
1010 2022 1145 2088 Leofric
1166 2024 1249 2090 dux.

181 2127 240 2213 .*1⁴
258 2125 334 2206 Ego
352 2126 449 2192 Duni
475 2127 560 2193 dux.
637 2131 676 2210 »14
700 2127 776 2208 Ego
800 2124 901 2189 Odda
923 2124 1033 2188 miles.
1112 2123 1250 2205 »14Εςο

196 2224 359 2309 Bryhtric
375 2227 485 2292 miles.
541 2228 673 2310 »14Εςο
692 2225 857 2291 Eadwine
874 2225 983 2288 miles.
1007 2281 1009 2285 .

614 2523 820 2589 DchXI.

422 2667 444 2711 *
461 2667 794 2751 HARDAGNUT,
816 2671 1045 2737 1038-1039.

249 2821 288 2900 »14
311 2819 356 2883 ΙΝ
379 2819 515 2883 nomine
537 2827 678 2884 sanctae
703 2821 869 2886 trinitatis
892 2828 927 2885 et
948 2821 1145 2885 indiuiduae
1168 2824 1247 2887 uni-

193 2920 298 2983 tatis!
363 2919 559 3002 Descriptio
586 2921 814 2985 immunitatis
842 2921 1028 2986 Hardcnnt
1052 2919 1246 3002 Anglorum

193 3019 297 3100 regis,
328 3038 432 3101 super
462 3020 671 3085 monasterio
704 3022 815 3084 sancti
845 3021 1038 3084 Eadmundi
1074 3025 1248 3105 martyris.

194 3117 311 3197 Quum
326 3119 444 3182 diuina
456 3120 628 3202 scriptura
645 3120 763 3185 multis
779 3122 815 3183 in
831 3121 916 3184 locis
931 3126 1120 3184 attestante
1138 3120 1248 3204 liquet

193 3219 330 3282 omniuo
359 3239 495 3283 cursum
524 3221 716 3302 praesentis
743 3221 837 3283 uitae
858 3221 894 3282 in
912 3219 1003 3283 ualle
1025 3220 1246 3287 lacrimarum

191 3319 416 3382 constitutum
442 3320 527 3396 sore,
552 3328 735 3402 perspecta
759 3319 904 3384 uolubili
929 3326 1008 3384 rota
1034 3324 1246 3387 transeuntis

192 3419 311 3481 mundi
336 3420 422 3483 nulli
439 3420 621 3483 cuiuslibet
647 3420 812 3483 scientiae
828 3419 1019 3502 perspicaci
1035 3419 1155 3501 uigore
1173 3423 1246 3505 pol·

193 3517 278 3582 lenti
312 3518 367 3581 hic
401 3520 642 3600 inuestiganda
672 3525 726 3582 est
756 3528 818 3583 aut
850 3518 1044 3601 appetenda
1069 3520 1246 3586 ¹foelicitas

192 3618 266 3680 ueri
296 3618 425 3698 gaudii,
444 3638 521 3681 cum
548 3618 765 3700 quantalibet
792 3618 943 3699 dignitas
969 3619 1081 3682 carnis
1106 3628 1246 3688 nostrae

192 3737 262 3781 non
277 3723 412 3781 tantum
428 3717 584 3781 calcabili
602 3718 702 3780 foeno
719 3728 920 3800 comparata
943 3719 1153 3783 assimiletur
1169 3742 1247 3804 pro-

191 3817 329 3899 phetica
342 3836 440 3894 uoce,
461 3836 581 3880 uerum
603 3817 708 3880 etiam
727 3817 800 3880 eius
825 3825 1064 3882 momentaneo
1083 3819 1159 3883 flori
1176 3842 1246 3904 qno

192 3917 241 3978 nil
259 3917 293 3978 in
311 3917 537 3981 uniuersitate
560 3935 673 3980 rerum
695 3916 925 3981 materialium
942 3918 1070 3981 nisibili
1086 3918 1245 4001 fragilius

193 4023 253 4078 aut
282 4015 419 4080 labilius
443 4018 618 4080 inuenitur
640 4016 770 4082 haberi.
834 4016 922 4080 Cum
950 4038 1033 4099 ergo
1057 4019 1108 4082 ita
1134 4039 1172 4083 se
1195 4022 1245 4086 rei

190 4115 370 4179 ueritatem
389 4117 614 4199 proculdubio
640 4117 771 4199 liqueat
800 4117 938 4194 habere,
961 4119 1047 4183 adeo
1073 4120 1160 4200 proh
1186 4122 1245 4187 do-
