2902 4890
432 388 608 443 curasan
629 390 972 441 Auouosaxouroau.
1158 374 1224 441 177

170 550 418 617 uenerabilium
443 549 777 636 archiepiscoporum
809 550 968 633 Stigandi
996 558 1031 613 et
1058 549 1223 613 Ealdredi

169 650 369 715 stallorum
390 651 595 732 optimatum
616 672 782 728 meorum,
800 652 971 728 uidelicet,
987 657 1027 713 ut
1043 650 1102 712 ille
1121 650 1218 713 locus

168 749 205 812 in
229 759 433 833 perpetuum
457 753 501 815 ab
524 752 615 816 omni
641 751 810 816 saeculari
831 751 973 815 seruitio
995 750 1042 813 sit
1066 749 1164 827 liber,
1185 758 1221 815 et

169 850 359 915 secundum
390 852 483 916 beati
511 852 689 917 Benedicti
725 851 946 916 traditionem
978 858 1057 933 post
1088 851 1218 914 obitum

169 950 319 1028 abbatis,
347 970 392 1016 ex
422 951 540 1015 eadem
574 953 842 1034 congregatione
880 952 1029 1034 eligatur
1051 950 1139 1015 alter
1161 950 1221 1033 qui

169 1049 295 1132 ,dignus
311 1051 370 1129 sit,
384 1050 549 1117 aliorsum
570 1072 654 1116 uero
671 1052 797 1130 nullus,
814 1053 879 1115 nisi
898 1052 1008 1133 culpis
1024 1070 1221 1132 promeren-

168 1148 262 1214 tibus
277 1151 362 1215 inibi
375 1151 519 1216 inueniri
538 1153 730 1234 nequiuerit
747 1153 806 1235 qui
826 1152 952 1234 dignus
970 1152 1016 1215 sit
1032 1151 1094 1214 tali
1109 1149 1220 1214 officio

170 1249 292 1333 sungi3
319 1251 454 1334 quodsi
473 1252 639 1330 euenerit,
654 1253 745 1334 quod
766 1253 868 1329 absit,
886 1259 1094 1334 potestatem
1117 1250 1221 1315 habe·

170 1357 233 1414 ant
262 1350 306 1415 de
332 1352 401 1416 alio
426 1359 509 1416 noto
531 1359 566 1417 et
586 1352 746 1416 familiari
773 1353 849 1418 loco
875 1353 1034 1416 abbatem
1061 1350 1222 1432 eligendi,

170 1450 269 1515 cuius
299 1451 374 1525 uita
395 1452 567 1534 sapientia
591 1460 626 1517 et
649 1454 813 1534 religione
834 1453 1022 1533 clarescat;
1055 1451 1222 1515 laicorum

170 1558 286 1615 antem
329 1553 385 1616 uel
424 1552 623 1617 clericorum
660 1573 760 1617 nemo
796 1554 905 1635 ipsius
936 1552 1002 1616 loci
1033 1551 1222 1615 dominium

170 1670 340 1734 usurpare
369 1660 577 1735 praesumat.
640 1653 886 1718 Possessiones
914 1672 998 1717 uero
1021 1671 1110 1734 quae
1132 1652 1180 1715 ibi
1202 1671 1224 1714 a

172 1753 435 1835 quibuscunque
457 1753 706 1818 donatae-sunt
721 1774 791 1817 non
815 1755 921 1817 abbas
944 1772 1007 1816 nee
1025 1753 1094 1816 alia
1117 1771 1224 1836 quae·

61 1866 68 1881 ·
171 1851 256 1917 libet
273 1871 421 1935 persona
444 1853 619 1918 licentiam
636 1854 763 1919 habeat
784 1853 954 1917 uendendi
972 1852 1029 1916 uel
1050 1853 1223 1916 extraneis

172 1951 288 2031 dandi,
305 1953 366 2016 sed
382 1964 506 2035 regum]
520 1954 705 2019 munimine
722 1954 883 2036 deinceps
907 1953 1003 2017 locus
1020 1953 1094 2034 ipse
1110 1960 1223 2017 tueat-

169 2072 227 2129 ur,
248 2053 392 2135 ipseque
414 2054 522 2118 abbas
547 2055 621 2135 regi
648 2054 713 2118 soli
740 2055 893 2118 seruiens
916 2053 1134 2117 commissum
1158 2052 1223 2114 sibi
1248 2093 1252 2102 -

173 2171 315 2235 gregem
341 2153 513 2236 spirituali
539 2162 574 2218 et
599 2155 779 2236 temporali
805 2160 908 2236 pastu
935 2151 1150 2216 abundanter
1172 2150 1225 2215 fo·

174 2258 268 2318 ucat.
320 2252 484 2318 concessi
505 2255 609 2317 etiam
633 2261 667 2318 et
684 2254 886 2318 confirmari
908 2253 1111 2317 donationes
1125 2262 1224 2333 quae

172 2352 219 2423 ab
252 2351 378 2416 eisdem
411 2354 550 2434 regibus
580 2360 662 2418 aute
689 2374 744 2419 me
772 2354 921 2418 donatae
949 2360 1043 2428 sunt,
1074 2351 1138 2415 hoc
1171 2360 1225 2415 est

173 2452 269 2517 cirea
289 2452 403 2534 ipsum
424 2453 671 2518 monasterium
690 2470 794 2519 .xvu.
809 2452 908 2518 hidas
926 2460 961 2519 et
984 2453 1171 2530 dimidiam,
1187 2452 1225 2515 in

170 2551 373 2617 Heandune
394 2569 474 2618 .xx.
490 2555 527 2617 in
541 2552 753 2619 Heamstede
770 2571 814 2618 .ν.
828 2555 864 2616 in
879 2552 1071 2617 Greueford
1090 2568 1171 2617 .x11.
1190 2559 1225 2616 et

177 2671 280 2717 unam
305 2653 452 2734 uirgam,
470 2653 506 2716 in
523 2652 728 2720 Hanewelle
746 2670 835 2719 .v111.
853 2655 889 2717 in
913 2653 1122 2734 Scepertune
1136 2669 1224 2719 .vru.

169 2752 214 2816 in
240 2752 436 2836 Sunnabyri
454 2771 528 2819 .vlt.
558 2754 595 2816 in
622 2754 834 2817 Ealdenham
859 2771 910 2819 .x.
937 2753 973 2817 in
996 2751 1225 2836 Deccewyrbe

178 2868 259 2919 nur.
287 2861 323 2917 et
347 2871 451 2917 unam
478 2854 624 2935 uirgam,
646 2855 681 2918 in
695 2854 864 2918 Wattune
884 2871 961 2917 ‚uri
980 2861 1016 2918 et
1037 2852 1225 2930 dimidiam,

175 2952 214 3017 in
229 2952 423 3017 Holewelle
440 2969 500 3019 .vr.
518 2960 554 3018 et
570 2952 757 3030 dimidiam,
779 2955 815 3017 in
834 2954 983 3017 Hammo
1000 2970 1049 3017 .11.
1073 2955 1107 3017 in
1125 2954 1225 3017 Win-

168 3060 262 3117 .tune
287 3068 369 3119 ,rna
394 3053 431 3116 in
461 3053 709 3137 Kynleuedene
738 3071 781 3119 .v.
812 3055 847 3116 in
880 3055 1037 3117 Feutune
1069 3070 1150 3119 .1111.
1190 3055 1226 3116 in

170 3151 352 3217 *Mordune
376 3169 425 3218 .x.
448 3155 484 3217 in
502 3154 649 3236 AEwelle
673 3172 724 3220 .11.
747 3155 782 3217 in
808 3154 975 3218 Pereham
993 3169 1068 3217 .vu.
1091 3154 1127 3215 in
1145 3153 1227 3217 Gol-

178 3253 338 3335 lingtune
356 3270 423 3317 .111.
438 3254 474 3317 in
494 3253 705 3335 Gillingtune
723 3270 803 3318 ,1111.
828 3273 958 3316 necnon
983 3261 1018 3316 et
1039 3253 1117 3315 illas
1140 3271 1228 3333 quas

170 3353 364 3437 optimates
389 3354 456 3417 mei
478 3373 555 3417 meo
578 3361 732 3437 tempore
752 3353 967 3430 addiderunt,
983 3352 1113 3416 scilicet
1131 3352 1229 3416 Leof-

178 3452 259 3530 clld,
286 3451 482 3525 Mulesham
513 3473 589 3518 cum
621 3454 779 3519 omnibus
814 3454 859 3519 ad
896 3458 933 3517 se
964 3453 1228 3536 pertinentibus

170 3552 390 3636 AEgelricus,
402 3553 642 3637 Kylewendun
660 3574 737 3618 cum
752 3554 909 3618 omnibus
927 3553 970 3617 ad
986 3572 1023 3617 se
1040 3552 1229 3634 pertinent-

178 3653 270 3732 ibus,
296 3652 491 3728 wlfwinus,
521 3653 805 3735 Mapulderstede
833 3674 911 3719 cum
937 3654 1094 3718 omnibus
1122 3652 1165 3716 ad
1192 3673 1230 3717 se

179 3753 442 3836 pertinentibus,
457 3753 701 3831 Granundus,
721 3753 969 3837 Kynleuedene
997 3760 1032 3817 et
1048 3754 1169 3818 Raeine
1196 3761 1230 3816 et

182 3852 375 3919 Laecedune
407 3870 485 3919 cum
510 3855 668 3919 omnibus
705 3854 748 3917 ad
780 3874 819 3918 se
849 3853 1109 3938 pertinentibus,
1142 3853 1231 3916 AElf-

169 3954 287 4043 ,riona
312 3952 511 4019 Waenstede
540 3974 618 4018 oum
645 3954 804 4019 omnibus
829 3955 872 4037 ad
903 3973 940 4018 sc
970 3953 1232 4035 pertinentibus.

169 4051 462 4131 ,AisereSworte,
474 4055 633 4137 Lygetun
647 4074 724 4118 cum
739 4054 898 4121 omnibus
914 4053 958 4118 ad
978 4072 1014 4115 se
1031 4053 1233 4134 pertinenti-

169 4154 261 4237 bus,
278 4151 408 4233 Inguls,
429 4153 633 4218 Paclesham
649 4173 727 4218 curn
743 4155 900 4221 omnibus
921 4153 964 4223 ad
986 4172 1022 4217 se
1047 4153 1234 4234 pertinent·

233 4268 320 4317 rou.
345 4269 394 4318 iv,
1059 4271 1083 4316 u
