2902 4890
425 392 600 442 cuanrnn
623 390 963 443 ancnosaxonroan.
1154 372 1217 443 181

157 571 266 634 garns
288 551 444 617 notarius
469 553 513 617 ad
541 553 652 616 uicem
679 549 862 616 Reinbaldi
892 549 1010 631 regiae
1035 549 1217 633 dignitatis

159 652 357 718 cancellarii
390 652 479 718 hanc
513 660 644 717 cartam
673 651 797 735 scripsi
827 658 863 715 et
885 648 1072 734 subscripsi
1101 650 1135 715 in
1162 650 1217 717 dei

160 754 299 818 nomine
314 753 495 819 foeliciter.
537 752 662 818 Amen.

631 881 753 893 ——m

559 952 821 1019 nccoxxu

462 1070 798 1181 retinuerim,
820 1100 918 1167 mea

215 1253 255 1332 ›1‹
283 1251 330 1317 IN
364 1253 502 1318 nomine
539 1260 680 1319 sanctae
711 1261 745 1318 et
785 1253 984 1317 indiuiduas
1027 1248 1214 1319 trinitatis!

160 1349 312 1435 Propter
331 1371 392 1418 eos
416 1354 478 1436 qui
507 1354 679 1418 iusticiam
712 1353 768 1418 dei
799 1361 1022 1419 contemnunt
1049 1359 1085 1418 et
1115 1373 1214 1416 suam

159 1451 283 1516 uolunt
314 1454 536 1531 constituere,
573 1454 737 1536 quoniam
763 1454 923 1518 iusticias
954 1453 1008 1517 dei
1037 1473 1105 1516 non
1132 1461 1214 1517 sunt

159 1551 300 1630 obiecti,
325 1553 578 1636 procurandum
607 1561 660 1618 est
690 1552 757 1617 hiis
790 1554 848 1636 qui
884 1553 1126 1617 aecclesiarum
1159 1553 1214 1618 dei

159 1651 343 1734 priuilegia
362 1654 579 1718 constituunt
600 1662 640 1719 ut
661 1654 870 1736 multiplices
893 1661 1008 1718 cartas
1035 1659 1071 1717 et
1097 1654 1213 1717 multi-

160 1750 316 1817 tudinem
338 1754 478 1817 testium
502 1761 608 1838 atque
622 1753 902 1818 maledictionum
918 1761 1117 1836 congerant,
1135 1754 1212 1835 qui·

161 1851 240 1930 bus,
262 1853 329 1917 etsi
354 1873 423 1918 non
451 1873 588 1936 semper
603 1862 719 1918 tamen
743 1854 964 1937 aliquotiens,
986 1853 1212 1937 pessimorum

160 1951 338 2018 hominum
361 1952 479 2036 impia,
494 1955 683 2037 proteruia,
701 1962 736 2019 et
758 1955 951 2037 perniciosa
976 1954 1211 2037 praesumptio

159 2053 271 2117 tutius
286 2061 496 2136 proteratur,
517 2055 735 2132 retundatur,
754 2073 795 2120 ac
813 2057 1061 2130 reuerberetur,
1080 2073 1213 2117 necnon

158 2152 347 2221 fortissimo
384 2153 591 2219 defensionis
639 2156 760 2218 robore
808 2155 964 2219 funditus
1009 2153 1212 2224 eradicetur,

159 2252 382 2337 Quapropter
409 2274 476 2335 ego
492 2254 705 2319 Eadwardus
725 2255 840 2337 gratia
857 2255 912 2318 dei
930 2254 1123 2336 Anglorum
1137 2273 1212 2332 rex,

160 2360 280 2418 notum
303 2353 394 2419 facio
416 2354 575 2419 omnibus
597 2356 722 2419 futuris
747 2362 827 2437 post
844 2375 898 2419 me
922 2355 1051 2419 saeculi
1068 2374 1212 2436 genera-

160 2452 312 2518 tionibus
337 2456 501 2538 quoniam
529 2463 713 2538 praecepto
735 2455 860 2519 Leonis
884 2475 996 2537 papae
1014 2475 1076 2536 pro
1092 2456 1210 2536 poeni-

160 2554 271 2619 tentia
294 2561 331 2619 et
346 2555 546 2620 remissione
568 2563 788 2637 peccatorum
814 2575 978 2632 meorum,
994 2555 1160 2619 renouaui
1179 2562 1214 2620 et

159 2653 340 2719 melioraui
361 2654 538 2720 basilicam
558 2655 670 2720 sancti
685 2656 793 2732 Petri,
812 2675 901 2738 quac
926 2656 996 2719 sita
1023 2663 1075 2720 est
1106 2675 1213 2738 prope

159 2754 298 2819 moenia
323 2755 522 2837 principalis
551 2753 743 2837 Anglorum
768 2757 863 2820 urbis
879 2756 1078 2819 Londoniae
1105 2763 1140 2818 et
1167 2757 1211 2819 ab

160 2853 365 2919 occidentali
398 2875 460 2921 ora
489 2854 640 2919 eiusdem
670 2857 766 2919 urbis
792 2856 917 2919 dicitur
937 2857 1212 2920 Westmonaste-

160 2954 263 3031 rium,
291 2973 381 3036 quae
409 2954 590 3020 aedificata
625 2956 762 3038 quidem
788 2955 901 3021 suerat
926 2957 1118 3038 antiquitus
1148 2957 1213 3020 sub

161 3053 286 3119 Melite
305 3054 504 3119 Londoniae
521 3055 632 3137 primo
649 3057 811 3138 episcopo
838 3056 933 3120 socio
956 3064 992 3119 et
1013 3064 1213 3138 contempo-

160 3172 267 3219 raneo
293 3155 405 3219 sancti
427 3154 615 3235 Augustini
642 3156 743 3237 primi
760 3155 1017 3219 cantuariensis
1045 3155 1212 3236 archiepi-

160 3253 258 3337 scopi
278 3261 314 3319 ct
339 3274 402 3337 per
424 3254 538 3338 ipsum
566 3254 705 3319 beatum
738 3255 880 3318 Petrum
915 3255 1072 3335 angelico
1103 3254 1214 3316 famu-

158 3353 255 3419 lante
286 3355 441 3432 seruitio,
468 3360 610 3419 sanotae
642 3356 753 3418 crucis
792 3355 1016 3437 impressione
1055 3359 1089 3416 et
1124 3355 1213 3417 sacri

158 3454 334 3518 omsmatis
369 3454 592 3536 perimctione
623 3454 802 3535 dedicata3
841 3453 900 3518 sed
926 3473 988 3535 per
1017 3446 1212 3534 frequentes

161 3553 375 3618 incursiones
414 3556 639 3618 barbarorum
679 3560 714 3617 et
750 3555 900 3617 maxime
933 3555 1122 3630 Danorum,
1154 3555 1214 3636 qui

160 3661 260 3736 patre
276 3673 354 3718 mco
369 3653 555 3719 AEtlelredo
579 3655 720 3717 uiuente
736 3653 961 3736 irruptionem
989 3654 1025 3716 in
1049 3648 1212 3734 A'ugliam

161 3753 328 3831 fecerant,
354 3760 389 3818 et
418 3773 460 3817 eo
483 3761 630 3830 mortuo,
659 3774 736 3816 oum
769 3754 875 3817 fratre
907 3773 982 3817 meo
1011 3752 1214 3817 Eadmundo

157 3852 339 3918 dimidium
369 3873 514 3935 regnum
548 3854 612 3916 sub
645 3853 874 3918 amicitiarum
901 3854 1060 3935 pactione
1094 3859 1213 3917 tenue·

161 3960 253 4032 rant,
270 3954 480 4036 fratremque
497 3972 609 4016 meum
634 3953 739 4017 alium
760 3954 951 4017 AElsredum
974 3953 1215 4017 miserabiliter

159 4052 403 4136 interemptum
443 4060 684 4131 enecauerant‚
711 4053 869 4134 neglecta
907 4060 943 4116 et
979 4054 1128 4134 penitus«
1155 4054 1213 4118 de·

158 4160 296 4219 structa
326 4152 520 4220 uidebatur.
582 4153 668 4217 Cum
706 4172 789 4234 crgo
816 4172 1036 4217 renouassem
1073 4172 1147 4217 eam
1181 4162 1216 4223 ct
