2902 4890
190 363 235 429 56
452 377 625 427 ohannen
647 376 986 427 anonosnxomonn.

195 555 305 599 meam
328 535 516 618 infringere
534 536 591 600 uel
608 536 742 601 irritam
765 536 877 600 facere
901 531 1136 617 temptauerit,
1150 549 1173 594 a
1188 529 1256 595 deo

194 637 429 718 omnipotente
465 642 500 699 et
539 637 631 701 omni
666 643 786 700 sancta
818 633 985 699 aecclesia
1014 631 1254 697 excommuni-

195 743 293 799 catus
310 737 367 801 sit.
420 733 541 799 Amen.

619 1036 841 1104 Dchvll.

636 1185 735 1251 *ΟΝ
738 1184 819 1250 UT.

251 1339 290 1419 ›1‹
310 1338 416 1403 CNUT
439 1356 501 1401 rex
521 1336 653 1400 salutat
671 1334 870 1399 Leossinum
896 1331 1096 1417 episcopum
1123 1341 1159 1400 et
1176 1334 1253 1400 Ha·

196 1457 264 1500 cun
297 1438 457 1503 comitem
489 1443 525 1500 et
554 1435 759 1500 Leouricum
793 1434 1029 1498 uiceoomitem
1062 1441 1098 1499 et
1131 1454 1253 1499 omnes

195 1538 343 1601 barones
360 1537 396 1600 in
406 1535 728 1601 Wireceastresoire
746 1534 991 1613 amicabiliter3
1010 1541 1045 1598 et
1061 1552 1126 1616 ego
1140 1535 1252 1598 mani·

196 1636 285 1701 festo
303 1637 403 1700 uobis
427 1636 519 1719 quod
538 1637 613 1719 ipse
638 1634 788 1699 concedo
813 1633 1007 1699 Brihtwino
1029 1652 1106 1698 meo
1127 1633 1252 1699 baroni

196 1736 275 1800 illas
299 1737 449 1819 quinque
471 1736 570 1799 hidas
592 1735 685 1818 apud
701 1731 953 1816 Beningwnrte
970 1734 1005 1797 in
1022 1734 1094 1797 suis
1117 1733 1250 1811 diebus,

196 1843 379 1917 propterea
396 1836 487 1919 quod
510 1835 588 1918 ipsa
610 1843 702 1899 terra
719 1835 762 1899 ad
780 1852 891 1897 meam
911 1852 1050 1897 manum
1071 1832 1137 1897 fuit
1154 1833 1253 1898 foris·

196 1934 309 2016 sacta;
342 1955 433 1999 nuno
456 1935 560 2000 habet
589 1936 663 2017 ipse
691 1954 802 1998 meam
828 1934 1015 1998 amicitiam
1042 1933 1250 2015 adquisitam

195 2035 286 2099 sicut
303 2054 366 2099 nos
382 2035 679 2111 concordauimus,
696 2054 737 2098 ea
755 2035 993 2111 conuentione,
1010 2040 1050 2098 ut
1066 2039 1147 2115 post
1169 2052 1251 2098 suos

197 2135 270 2199 dies
288 2143 345 2200 eat
359 2136 436 2218 ipsa
451 2143 544 2199 terra
565 2136 600 2199 in
623 2143 744 2199 sancto
763 2134 973 2221 monastario
996 2132 1040 2196 de
1055 2132 1251 2199 Eouesham

197 2235 266 2298 illis
283 2236 337 2300 dei
352 2236 461 2300 seruis
478 2235 521 2300 ad
538 2236 669 2299 uictum
688 2253 824 2316 semper
844 2233 1108 2316 imperpetuum.
1162 2231 1253 2298 Etsi

196 2336 274 2417 quis
293 2335 359 2400 hoo
381 2337 597 2419 peruerterit,
614 2335 740 2398 habeat
762 2333 829 2397 sihi
852 2352 930 2396 cum
950 2333 1014 2397 deo
1030 2332 1194 2397 iudicium
1217 2339 1252 2397 et

198 2454 276 2498 cum
294 2444 417 2500 sancta
433 2437 559 2513 Maria,
578 2441 704 2499 etcum
723 2433 882 2498 omnibus
899 2433 1030 2497 sanctis
1052 2439 1133 2498 ante
1149 2432 1251 2498 deum

197 2534 233 2597 in
250 2534 305 2599 die
319 2535 448 2599 iudicii.
501 2535 613 2600 Uale!

608 2831 850 2900 nccnvm.

399 2981 609 3047 nnaonn
635 2957 929 3062 nahasson,
957 2983 1055 3050 1038.

252 3131 340 3195 Han
364 3130 431 3219 hyp
453 3153 498 3197 on
523 3134 617 3218 pison
645 3133 787 3216 gewrita
809 3135 832 3219 ti
854 3134 976 3199 harold
1007 3133 1113 3217 hingo
1136 3136 1186 3201 let
1210 3138 1254 3202 bo

200 3231 299 3295 ridan
313 3233 465 3297 sandwic
489 3234 530 3298 of
542 3230 628 3321 xhes
649 3253 795 3318 cyrcean
812 3235 881 3298 him
898 3234 1011 3317 sylfan
1028 3241 1065 3298 to
1080 3234 1252 3318 handa.]

201 3332 312 3395 haefde
338 3332 390 3397 hit
415 3333 484 3397 him
507 3334 572 3398 wel
598 3334 664 3398 neh
687 3334 788 3400 twelf
803 3340 951 3398 monati.
978 3351 996 3415 ]
1022 3341 1159 3417 twegen
1181 3337 1253 3401 hae·

200 3432 298 3512 ringo
339 3434 447 3496 timan
487 3452 561 3498 swa
591 3435 675 3518 heah
708 3434 842 3499 fullioe.
879 3433 947 3497 eall
976 3454 1112 3516 ongean
1146 3437 1253 3518 godes

201 3533 339 3595 willan.
373 3549 392 3611 Ἰ
421 3553 509 3614 agen
535 3533 630 3597 eaha
655 3538 735 3620 hana
761 3533 910 3616 halgena
940 3536 978 3618 he
1005 3533 1119 3599 restad
1145 3536 1253 3602 innon

200 3629 287 3719 xhes
315 3651 463 3714 cyrcean
490 3651 563 3697 swa
584 3652 657 3697 swa
685 3632 736 3695 hit
758 3632 826 3696 him
848 3632 975 3717 syddan
997 3635 1145 3700 sorhlice
1167 3641 1252 3723 paer-

201 3731 299 3795 aeiter
321 3732 464 3812 agiode.
490 3749 509 3811 ᾖ]
530 3751 651 3796 amano
673 3733 767 3817 pisan
788 3735 861 3798 sitta
877 3739 993 3798 wea1’6
1014 3734 1152 3800 aelfstan
1170 3737 1254 3803 aba.

201 3838 248 3894 aet
276 3832 332 3894 site
356 3830 408 3896 A.
432 3849 451 3911 ᾖ]
471 3832 595 3914 begeat
619 3833 689 3897 mid
721 3833 773 3896 his
802 3834 898 3897 smeh
924 3853 1107 3898 wrenoan.
1136 3852 1156 3915 Ἰ
1183 3837 1255 3902 mid

201 3929 254 3993 his
273 3930 433 4012 golda]
460 3931 585 3996 seolfre
612 3933 679 3996 eall
697 3933 882 4015 dyrnunga
904 3942 949 3998 aet
975 3940 1131 3999 steorran
1151 3939 1190 4022 pe
1212 3940 1254 4022 ta

201 4049 283 4093 waes
309 4035 377 4116 paes
405 4029 529 4113 kinges
551 4031 765 4096 roedesmann
787 4033 810 4117 ti
836 4033 871 4096 hi
892 4039 1053 4115 geweaitt
1076 4054 1114 4099 sa
1134 4037 1256 4121 hridda

201 4130 306 4212 penig
330 4131 370 4195 of
389 4135 478 4218 haere
501 4132 594 4197 tolne
617 4152 661 4196 on
689 4133 842 4198 sandwic
866 4135 907 4217 Pa
929 4135 1087 4216 geraedde
1113 4136 1256 4222 eadsige
