2902 4890
450 344 622 394 cnnnrnn
643 342 986 393 Anonosnxomonn.
1182 329 1249 395 285

192 501 318 565 tarium
337 501 463 566 ‘mellis
497 502 641 583 triginta
672 500 817 566 duarum
852 503 1030 567 unciarum
1067 505 1244 570 monachis

193 600 380 666 aecclesiae
401 603 513 666 sancti
529 601 657 667 Albani
675 601 717 666 ad
737 602 871 666 firmam
888 603 981 668 dare.
1040 603 1246 688 Quicunque

194 702 283 766 hanc
319 704 599 767 constitutionem
628 722 767 766 seruare
799 703 872 767 sine
907 704 1028 769 fraude
1062 705 1245 784 studuerit,

194 803 464 867 benedictionem
488 803 543 867 dei
569 814 603 868 et
630 804 741 867 sancti
771 804 934 887 martyris
952 802 1082 871 Albani
1108 806 1245 871 habeat.

196 903 243 968 Et
277 904 484 987 quicumque
519 902 603 967 baec
630 903 771 986 fregerit
803 906 851 970 sit
883 905 1196 971 anathematizatus
1226 928 1248 970 a

195 1003 371 1070 consortio
394 1011 535 1069 sanctae
558 1004 612 1068 dei
637 1005 835 1083 aecclesiae,
850 1013 887 1070 et
903 1006 1176 1072 maledictionem
1192 1008 1247 1072 dei
1274 1039 1277 1044 ·

196 1111 232 1169 et
246 1106 358 1169 sancti
376 1103 504 1169 Albani
520 1111 555 1168 et
569 1105 720 1169 omnium
738 1113 937 1171 sanctorum
954 1108 1091 1173 habeat.
1123 1105 1247 1173 Amen.

198 1203 315 1269 Huius
332 1205 571 1271 conuentionis
586 1212 669 1269 sunt
685 1213 792 1270 testes

248 1304 351 1369 Ulfus
379 1307 579 1389 episcopus,'
594 1310 638 1370 'et
664 1304 841 1371 Leofricus
866 1326 993 1385 comeS,
1020 1316 1055 1373 et
1077 1310 1183 1374 abbas
1213 1318 1248 1375 et

196 1394 308 1469 omnis
325 1407 548 1489 congregatio
565 1405 750 1471 aecclesiae
760 1405 1077 1486 Abbanduniensis‚
1091 1417 1126 1474 et
1140 1412 1248 1475 abbas

198 1512 233 1569 et
244 1508 355 1571 omnis
364 1506 586 1589 congregatio
602 1506 788 1571 aecclesiae
798 1506 1011 1587 Hauuensis,
1021 1509 1201 1593 etWagan
1213 1518 1248 1576 et

197 1625 317 1671 omnes
332 1608 480 1672 barones
498 1607 645 1672 Leofrici
661 1608 808 1682 comitis,
822 1616 856 1672 et
872 1610 1067 1692 AEgelricus
1083 1610 1125 1674 de
1139 1605 1248 1676 Glim·

199 1713 295 1783 tune,
327 1715 362 1772 et
395 1708 563 1772 Eadricus
596 1707 688 1771 filius
722 1709 838 1784 AEfici,
877 1716 912 1774 et
945 1710 1172 1775 Brihtuuinus
1206 1712 1248 1776 de

199 1806 400 1886 Daedintun,
428 1816 464 1873 et
493 1808 688 1874 Leofwinus
720 1808 762 1872 de
790 1809 968 1888 Baertune,
995 1818 1031 1875 et
1052 1811 1248 1892 AEgelricus

197 1909 317 1990 smyrl‚
338 1915 373 1975 et
390 1908 599 1984 AElfuuinus‚
618 1915 654 1972 et
670 1907 827 1973 Alwinus
849 1909 892 1974 de
913 1910 1072 1993 Ingbam,
1095 1917 1129 1975 et
1147 1910 1248 1976 Leos-

197 2007 290 2073 ricus
318 2008 409 2073 filius
437 2008 616 2086 Osmuudi,
645 2015 680 2074 et
713 2007 923 2073 Leofenotus
960 2009 1067 2074 frater
1096 2012 1181 2083 eius,
1214 2018 1250 2076 et

202 2107 414 2186 Burhredus,
438 2116 473 2175 et
492 2108 699 2185 Saewardus‚
713 2115 748 2172 et
763 2109 1021 2191 AEgeluuardus
1046 2110 1090 2175 de
1104 2110 1249 2190 Ortune,

199 2215 234 2272 et
264 2207 413 2275 Assorus
451 2208 542 2273 filius
572 2209 695 2286 Tolrii,
725 2216 760 2273 et
787 2209 993 2276 Goduuinns
1031 2212 1249 2294 praepositus

199 2308 352 2374 ciuitatis
370 2309 576 2388 Oxnafordi,
594 2317 629 2374 et
645 2309 856 2376 wulfwinus
880 2313 1096 2395 praepositus
1113 2311 1248 2376 comitis

201 2415 235 2473 et
252 2429 369 2474 omnes
385 2412 478 2476 ciues
495 2402 774 2477 Oxanfordiensi.

591 2716 594 2720 ⁴
615 2703 839 2775 DCCCCLI.

562 2854 900 2926 WIHBURHGA.

271 3014 311 3095 ›1‹
332 3011 454 3076 Omnis
483 3010 579 3074 usiae
602 3010 716 3092 opifici
739 3010 883 3074 sitlans
906 3009 970 3076 deo
994 3011 1086 3093 patri
1110 3010 1252 3096 eiusque

204 3113 381 3195 unigenito
398 3130 474 3175 cum
494 3116 614 3174 sancto
631 3110 765 3191 spiritu,
787 3109 846 3190 qui
864 3127 973 3190 genus
991 3109 1175 3173 humanum
1191 3133 1253 3194 per

202 3221 342 3295 gustum
373 3211 536 3295 prohibiti
572 3209 704 3274 fructus
735 3209 918 3291 perditum,
949 3209 1060 3273 crucis
1098 3210 1254 3291 patibulo

204 3314 359 3390 redemit,
372 3313 469 3377 cuins
491 3310 756 3392 benignissimae
772 3309 1001 3374 miserationis
1027 3328 1129 3391 opere
1146 3313 1253 3376 creati

204 3415 325 3480 mortis
350 3412 521 3478 secundae
546 3430 704 3494 poenam,
722 3430 810 3492 quae
832 3409 933 3492 primi
953 3409 1104 3492 parentis
1113 3409 1253 3476 incuria

204 3515 362 3596 contigit,
392 3513 540 3577 euadere
563 3511 773 3575 multimodis
804 3529 992 3593 speramus.
1044 3508 1161 3591 Ipsius
1186 3512 1254 3576 ita·

96 3647 100 3651 ·
205 3637 272 3700 que
288 3621 460 3679 annuente
475 3612 667 3690 clementia,
677 3610 966 3694 egoWibburhga
983 3609 1089 3672 uidua
1103 3611 1252 3676 concedo

199 3717 314 3782 totius
345 3715 427 3779 boui
460 3713 657 3778 retributori
687 3719 722 3776 et
755 3711 930 3794 piissimae
962 3729 1004 3773 ac
1036 3709 1254 3776 beatissimae

204 3818 280 3881 eius
313 3812 471 3897 genitrici
500 3812 645 3888 Mariae,
674 3830 843 3889 mansam,
877 3809 1045 3886 uidelicet,
1077 3829 1193 3874 unam¹
1215 3812 1254 3875 in

206 3917 290 3982 uilla
307 3934 396 3998 qnae
411 3920 630 3996 nuncupatur
645 3911 766 3976 Sciran
790 3931 843 3989 ac,
865 3911 924 3985 ita,
948 3908 1092 3986 scilicet,
1114 3918 1154 3975 ut
1175 3919 1255 3994 post

206 4018 308 4081 finem
335 4035 461 4091 meum,
483 4014 530 4078 sit
558 4013 619 4077 illa
644 4012 905 4094 praenominata
927 4029 1048 4073 mansa
1075 4009 1119 4073 ad
1147 4030 1256 4074 reme-

207 4118 301 4182 dium
331 4116 465 4181 auimae
502 4133 607 4189 meae,
637 4133 699 4196 pro
731 4111 926 4176 conditione
955 4118 990 4174 et
1022 4109 1256 4191 recordatione
