2902 4890
407 368 581 420 canarno
604 372 948 425 nuonosnxourcnn.
1148 361 1214 426 187

152 546 232 591 rum
247 527 284 593 in
301 526 459 595 omnibus
476 531 578 594 terris
593 530 683 613 quae
699 530 756 595 uel
771 531 807 594 in
817 530 999 594 Londonia
1011 529 1067 594 uel
1082 530 1118 593 in
1135 530 1213 595 aliis

154 629 419 714 quibuscunque
441 630 528 695 locis
545 631 724 714 praedicto
752 631 963 696 monasterio
981 630 1140 695 adiacent
1157 631 1213 694 uel

154 729 368 795 adliciendas
407 738 491 796 suut
524 750 587 813 per
619 732 768 813 gratiam
798 731 865 795 dei.
932 731 1027 795 Huic
1061 730 1213 795 libertati

153 829 308 906 concedo
329 830 602 896 additamentum
624 832 660 895 in
677 851 747 914 qua
763 838 803 895 ut
820 833 864 895 ab
881 832 1040 896 omnihus
1058 831 1212 914 apertius

153 936 192 994 et
203 930 349 1013 plenius
370 925 587 1014 intelligatur
602 933 742 996 nomina
761 931 1048 996 consuetudinum
1065 929 1212 1013 Anglice

155 1031 318 1113 praecepi
358 1051 499 1114 ponere,
549 1031 682 1097 scilicet
716 1031 962 1115 mundbryche,
1007 1033 1215 1116 bur’dbryce,

156 1129 411 1213 miskenuinge,
432 1132 617 1213 scewinge,
650 1132 812 1213 lestinge,
837 1132 1031 1215 fyrdsocne,
1060 1132 1213 1196 flimena-

157 1229 292 1309 firmbe,
324 1232 532 1314 wergelwef,
560 1231 678 1315 u’dlep,
709 1231 879 1313 forfenge,
916 1231 1094 1314 fyhfange,
1111 1260 1114 1267 ·
1133 1231 1214 1295 fird-

155 1331 249 1408 wite,
264 1330 436 1414 syhtwite,
450 1332 639 1409 wardwite,
661 1331 849 1414 hengwite,
865 1331 1061 1409 hamsocne,
1078 1332 1213 1409 forstal,

156 1430 410 1513 infangencbef,
450 1430 550 1511 saka,
586 1451 705 1509 socna,
738 1432 801 1496 toll
841 1440 877 1496 et
915 1438 1019 1509 team,
1058 1432 1214 1515 aliasque

157 1550 278 1596 omnes
303 1531 398 1615 leges
421 1539 457 1596 et
475 1532 743 1597 consuetudines
765 1551 854 1613 quae
877 1530 921 1594 ad
949 1552 1004 1595 me
1029 1533 1214 1614 pertinent.

158 1631 344 1697 Renouaui
371 1629 475 1697 etiam
502 1632 685 1717 priuilegia
713 1631 933 1714 antiquorum
961 1652 1080 1713 regum
1106 1639 1142 1696 et
1169 1653 1214 1696 ex

159 1731 299 1796 nomine
314 1730 456 1797 sanctae
472 1733 638 1797 trinitatis
657 1740 692 1796 et
705 1733 856 1795 omnium
878 1740 1077 1796 sauctorum
1096 1739 1215 1797 nostra

157 1833 264 1895 etiam
286 1831 384 1914 regia
406 1832 625 1909 auctoritate,
641 1852 717 1895 cum
737 1851 905 1895 consensu
927 1839 1032 1914 atque
1054 1832 1214 1896 consultu

158 1933 346 2015 primatum
374 1952 539 2010 meorum,
556 1932 720 1996 interdixi
742 1939 778 1996 et
800 1939 931 1997 cartam
955 1933 991 1995 in
1017 1933 1214 2015 praeseutia

159 2051 239 2097 mea
254 2032 329 2097 fieri
344 2032 439 2109 iussi,
457 2040 497 2096 ut
511 2032 627 2096 nullus
642 2051 793 2114 unquam
809 2030 1065 2095 succedentium
1081 2052 1215 2112 regum,

160 2133 413 2217 episcoporum,
437 2131 640 2215 principum,
664 2133 840 2209 comitum,
864 2131 1114 2207 uicecomitum,
1132 2151 1213 2213 pro-

158 2240 371 2310 curatorum,
403 2252 465 2297 seu
494 2232 641 2297 aliorum
674 2252 794 2314 regum
828 2231 1016 2309 clientium,
1050 2231 1106 2294 uel
1146 2231 1215 2296 alia

157 2333 333 2418 quaelibet
350 2351 478 2415 magna
499 2333 555 2396 uel
576 2352 687 2415 parua
708 2351 867 2415 persona,
885 2339 1035 2413 pastum,
1059 2350 1214 2409 censum,

159 2433 218 2498 uel
238 2434 497 2516 impensionem,
515 2440 708 2497 castrorum
734 2432 791 2496 uel
820 2432 978 2515 pontium
1002 2431 1215 2495 reaedifica·

158 2534 300 2610 tionem,
318 2534 459 2610 xennia,
476 2552 538 2597 seu
560 2532 777 2611 munuscula,
794 2531 850 2596 uel
873 2531 967 2595 aliud
984 2532 1152 2613 quidlibet
1169 2533 1214 2595 ab

158 2633 328 2699 aecclesia
345 2633 424 2697 tlla·
445 2633 502 2697 uel
527 2653 549 2696 a
577 2632 677 2697 terris
706 2633 750 2696 ad
777 2632 920 2696 eandem
951 2632 1214 2715 pertinentibus,

158 2752 222 2817 per
238 2734 309 2800 uim
327 2740 388 2797 aut
401 2752 463 2816 per
479 2733 762 2797 consuetudinem
778 2733 909 2814 exiget,
927 2752 994 2795 non
1013 2752 1130 2815 opera,
1146 2753 1214 2797 non

157 2834 301 2913 tributa,
323 2833 382 2897 uel
412 2833 660 2916 expeditiones
686 2833 730 2896 ad
761 2853 799 2896 se
829 2832 956 2909 trahat,
977 2833 1037 2896 sed
1070 2833 1214 2899 exclusa

159 2935 301 3018 penitus
328 2934 511 2998 exactione
541 2932 596 2997 uel
626 2933 771 3014 augaria
797 2940 998 2997 cunctarum
1029 2941 1214 2997 cousuetu-

158 3035 276 3099 dinnm
300 3034 416 3099 omnia
442 3034 533 3098 sicut
556 3034 592 3097 in
615 3052 718 3097 manu
749 3053 826 3097 mea
851 3033 1051 3110 habueram,
1077 3034 1211 3109 melius

159 3135 308 3219 plenius,
329 3142 366 3200 et
386 3133 540 3211 liberius,
556 3133 607 3197 ita
630 3153 708 3198 cum
734 3134 929 3197 omnimoda
955 3133 1115 3197 libertate
1144 3134 1214 3196 siut

158 3253 324 3301 concessa
351 3234 460 3299 eidem
494 3234 692 3310 aecclesiae,
721 3235 756 3297 in
790 3243 883 3297 terra
910 3241 945 3296 et
976 3233 1013 3294 in
1044 3250 1147 3314 aqua,
1176 3232 1213 3294 in

159 3337 245 3401 urbe
276 3342 313 3400 et
338 3342 451 3411 extra,
476 3335 513 3397 in
546 3334 647 3398 domo
676 3341 711 3397 et
738 3340 851 3409 extra,
873 3332 908 3394 iu
937 3330 1021 3394 uilla
1042 3338 1078 3395 et
1100 3338 1213 3408 extra,

159 3437 196 3502 iu
221 3436 280 3500 uia
319 3442 355 3499 et
387 3442 501 3514 extra,
538 3434 574 3498 in
612 3434 754 3518 placito,
786 3435 821 3496 in
859 3430 947 3497 soka
978 3439 1013 3495 et
1042 3429 1141 3508 saka,
1176 3432 1213 3494 in

161 3537 334 3612 theloneo,
366 3535 402 3598 in
442 3534 527 3598 furis
565 3533 839 3617 apprehensione
875 3541 910 3598 et
946 3532 1140 3608 emissione,
1177 3531 1213 3594 in

160 3635 340 3718 sanguinis
365 3634 541 3711 effusione,
558 3634 594 3697 in
618 3635 749 3716 campis
777 3642 811 3698 et
836 3633 945 3709 siluis,
971 3633 1007 3695 in
1030 3633 1151 3715 pratis,
1176 3632 1213 3695 in

161 3737 311 3821 pascuis,
325 3734 365 3798 in
385 3736 497 3817 aquis,
520 3735 557 3797 in
574 3735 743 3818 piscariis,
760 3735 796 3797 in
812 3732 1029 3808 molendinis,
1046 3733 1083 3795 in
1105 3733 1213 3795 omni-

161 3839 227 3902 bus
255 3836 327 3901 suis
352 3833 575 3918 appendiciis,
604 3834 768 3915 quatinus
794 3834 872 3915 ipsa
904 3831 1065 3912 religiosa
1095 3832 1216 3895 concio

160 3957 224 4022 pro
253 3935 404 4000 remedio
430 3935 566 4000 animae
592 3952 687 3998 meae
714 3941 749 3997 et
773 3934 925 3997 omnium
956 3931 1213 3995 benefactorum

158 4037 311 4104 ciusdem
333 4036 521 4100 aecclesiae
543 4032 729 4117 peruigiles
749 4034 926 4116 persoluat
941 4031 1214 4113 deprecationes,
1302 4079 1307 4089 .

157 4147 195 4204 et
228 4156 323 4202 more
348 4135 555 4219 sapientium
583 4135 755 4216 uirginum
783 4133 895 4198 oleum
926 4135 1036 4196 bonae
1066 4132 1215 4197 actionis
