2902 4890
447 375 619 423 cannino
641 372 981 424 auenosnxomcru.
1204 355 1248 421 45

194 534 361 615 angelicis
390 535 540 598 aeternis
565 535 669 617 potiri
696 534 868 618 praemiis.
932 533 1155 617 Quapropter
1180 551 1245 614 ego

194 633 285 698 Cnut
328 634 560 698 misericordia
598 635 653 698 dei
685 635 848 713 basileus,
894 634 1005 698 omnis
1044 633 1245 698 Britanniae

193 735 343 815 regimen
383 734 540 816 adeptus,
567 735 610 797 ad
636 736 862 817 promerenda
897 742 1016 799 tantae
1049 732 1246 798 foelicitatis

193 833 320 914 gaudia
344 854 434 915 quae
468 828 705 914 religiosorum
737 842 877 899 actuum
905 834 1052 898 salutari
1081 833 1246 897 distribu-

193 934 285 997 tione
314 933 520 1016 adquiritur,
552 933 652 997 lihuit
677 934 760 997 mihi
782 935 931 1016 benigna
955 940 1069 998 mente
1095 934 1246 996 tribuere

193 1033 359 1097 coenobio
375 1034 554 1096 beatorum
571 1035 807 1116 apostolorum
820 1034 916 1099 Petri
932 1042 967 1099 et
982 1033 1084 1097 Pauli
1101 1033 1192 1115 quod
1208 1033 1245 1096 in

193 1133 369 1197 Wentana
385 1134 469 1196 urhe
491 1132 638 1196 habetur
654 1142 689 1197 et
704 1134 817 1198 Uetus
833 1143 1051 1216 nuncupatur
1072 1132 1245 1215 quoddam

193 1252 252 1295 rus
271 1233 363 1316 quod
381 1233 488 1313 uulgo
504 1232 677 1297 uocitatur
693 1232 812 1317 Hylle,
828 1254 906 1298 cum
929 1235 1040 1297 tribus
1060 1233 1189 1298 mansis
1212 1239 1248 1297 et

192 1334 351 1397 omnibus
368 1331 411 1396 ad
428 1333 493 1396 hoc
509 1334 583 1396 iure
601 1334 849 1416 pertinentibus
864 1335 900 1397 in
916 1341 1118 1417 perpetuam
1136 1333 1246 1397 clero·

193 1433 354 1497 nomiam.
418 1432 559 1497 Existat
587 1440 702 1496 autem
735 1432 930 1516 praefatum
960 1452 1019 1497 rus
1048 1433 1245 1498 ahsolutum

193 1534 237 1596 ab
263 1534 358 1596 omni
382 1532 565 1608 famulatu,
593 1534 701 1596 ternis
727 1535 883 1616 exceptis
909 1534 1066 1615 negotiis,
1101 1534 1245 1609 scilicet,

194 1633 325 1696 auxilio
341 1632 581 1714 expeditionis
596 1634 812 1714 reparatione
830 1634 957 1716 pontis,
972 1642 1007 1698 et
1021 1633 1245 1697 renouationo

194 1733 294 1796 arcis.
347 1732 384 1795 Si
400 1733 477 1814 quis
502 1751 585 1796 nero
613 1752 798 1814 peruersus
825 1733 1040 1815 malignitate
1064 1751 1128 1796 sua
1144 1732 1246 1796 huius

195 1832 276 1896 doni
305 1832 503 1913 largitatem
531 1840 685 1896 euertere
712 1840 773 1897 aut
800 1833 986 1915 infringere
1013 1834 1247 1915 temptauerit,

194 1932 468 1996 maledictionem
486 1933 645 2014 perennis
667 1935 815 2016 accipiat
831 1932 1085 2017 dampnationis
1109 1940 1144 1997 et
1164 1952 1247 1996 con-

194 2051 269 2094 sors
293 2032 356 2095 fiat
373 2032 567 2096 Beelzebub
582 2033 617 2094 in
636 2033 797 2098 tartareis
819 2033 979 2109 flammis
1004 2033 1039 2096 ni
1064 2033 1248 2115 resipuerit

197 2139 232 2196 et
257 2131 492 2195 satisfactione
513 2133 712 2197 correxerit.
764 2132 833 2196 His
856 2141 970 2198 autem
991 2133 1158 2197 limitibus
1175 2134 1247 2195 cin-

195 2233 290 2314 gitur
306 2233 483 2314 praedicta
504 2232 618 2297 tellus.
670 2234 733 2296 Dis
761 2233 896 2316 syndan
921 2223 1016 2298 aare
1042 2235 1139 2316 bryre
1167 2231 1249 2296 hida

195 2321 425 2413 landgemfftre
460 2339 506 2396 aet
529 2330 648 2415 Hylle.
716 2332 768 2397 Os
798 2333 877 2397 ’dam
908 2334 1031 2397 ealdan
1062 2331 1248 2396 hornforda

195 2423 265 2496 sfr’d
281 2452 327 2496 on
342 2430 429 2496 hone
447 2431 571 2514 herped
584 2457 593 2507 3
618 2432 659 2497 of
669 2423 746 2498 ham
762 2431 909 2515 herpade
919 2440 1005 2498 west
1019 2452 1062 2496 on
1080 2437 1129 2496 tta
1143 2432 1247 2513 lange

195 2533 286 2596 rewe
302 2552 346 2596 on
363 2529 450 2596 hone
466 2521 569 2607 stan,
594 2533 635 2597 os
644 2532 711 2597 hon
734 2534 831 2597 stane
849 2540 936 2597 west
956 2535 999 2597 be
1014 2539 1180 2615 wyrtrum
1203 2551 1249 2595 on

196 2631 406 2705 fiducforda;
448 2632 488 2694 of
506 2631 697 2697 fiducforda
717 2624 814 2698 adim
841 2653 887 2697 on
911 2632 997 2697 hone
1019 2620 1172 2707 stream,
1213 2631 1254 2697 of

195 2722 265 2797 itan
286 2719 434 2796 streame
451 2752 496 2796 on
515 2731 717 2797 norneward
736 2722 862 2807 efsle53
891 2733 931 2796 of
942 2721 1050 2796 efslea
1067 2750 1113 2795 on
1129 2731 1248 2794 hrum-

194 2831 297 2915 wyll;
338 2831 379 2895 of
398 2831 601 2916 hrumwylle
627 2853 673 2898 on
695 2833 902 2897 hudecumes
919 2823 1065 2907 healod3
1091 2831 1131 2895 of
1142 2831 1248 2895 hude-

196 2949 312 2997 cumes
326 2920 449 2996 heafda
464 2922 558 2996 adim
574 2953 619 2997 on
637 2933 737 2997 ealda
753 2923 830 3012 tam
849 2921 923 2997 swa
938 2932 1067 3013 anlang
1082 2920 1249 2995 streames

196 3052 241 3096 on
269 3031 369 3095 ealda
398 3031 575 3096 hornsord.
650 3032 752 3097 Anno
782 3034 826 3096 ah
853 3033 1089 3097 incarnatione
1119 3031 1249 3096 domini

197 3148 391 3196 .n.xxx111.
410 3131 496 3197 haec
517 3132 645 3214 regalis
666 3133 842 3197 concessio
864 3141 969 3214 atque
991 3132 1132 3197 donatio
1156 3132 1250 3195 facta

195 3239 260 3308 est,
277 3232 341 3295 suh
363 3232 610 3314 astipulatione
638 3233 823 3315 primatum
850 3252 996 3314 quorum
1027 3231 1166 3296 nomina
1193 3230 1249 3293 hic

196 3338 365 3397 caraxata
382 3339 473 3396 sunt.

252 3435 291 3514 ›1‹
313 3432 390 3514 Ego
407 3431 499 3496 Cnut
517 3451 580 3495 rex
599 3431 793 3513 Anglorum
820 3451 898 3495 cum
920 3431 1042 3514 regina
1067 3449 1144 3494 mea
1161 3430 1250 3495 AElf-

196 3532 281 3616 gyfu
308 3533 483 3614 propriam
514 3532 733 3597 donationem
764 3531 873 3614 regali
906 3532 1138 3597 stabilimento
1170 3550 1249 3595 con-

196 3632 305 3696 firmo.
372 3634 410 3713 ›1‹
434 3631 511 3714 Ego
528 3633 746 3696 AErtelnotius
779 3632 1058 3716 archiepiscopus
1086 3631 1250 3714 perhibeo

195 3732 441 3796 testimonium.
516 3734 556 3814 ›1‹
576 3732 652 3814 Ego
668 3731 833 3797 AElfricus
866 3728 1144 3816 archiepiscopus
1167 3751 1250 3796 con·

196 3832 320 3896 sentio.
394 3833 434 3913 ›1‹
456 3832 533 3914 Ego
551 3832 721 3896 AElfsinus
750 3832 932 3916 episcopus
960 3833 1132 3897 confirmo.
1202 3834 1242 3914 ›1‹

197 3932 274 4013 Ego
303 3930 496 3995 Godwinus
523 3952 638 3996 comes
668 3931 819 4014 assigno.
898 3936 936 4015 ›1‹
970 3933 1045 4015 Ego
1070 3932 1252 3997 Leosricus

196 4050 314 4097 comes
327 4030 469 4096 affirmo.
526 4032 566 4114 >1⁴
589 4033 664 4114 Ego
681 4033 801 4114 Osgod
818 4034 986 4097 minister.
1102 4082 1106 4088 .
