2902 4890
194 347 260 413 138
450 364 623 412 CHARTAE
645 361 988 412 unctosuxourona.

194 542 238 585 on
261 510 629 603 Wigeraceastrescire
653 520 803 584 Denisce
839 519 907 584 and
932 519 1106 601 Englisce.
1164 518 1246 585 And

194 622 321 686 hredde
341 622 384 686 he
408 627 456 686 tta
476 610 563 684 fibra
585 620 696 686 healfe
718 621 800 685 hida
822 621 875 684 for
890 609 964 698 are,
979 611 1100 706 bredra
1118 640 1247 686 manna

193 722 272 804 doeg
287 714 325 789 tf)
341 723 460 804 cinges
475 722 600 786 banne.

629 1015 805 1082 Dcccv.

470 1163 721 1243 EALDRED,
743 1163 971 1230 1046-1060.

248 1317 287 1396 ›1‹
311 1313 518 1378 Rusunnra
545 1315 581 1377 in
608 1320 811 1397 perpetuum
843 1334 924 1395 rege
956 1334 1075 1395 regum
1106 1314 1246 1378 domino

194 1422 312 1478 nostro
341 1415 447 1479 Ihesu
473 1413 633 1479 Christo!
686 1414 764 1496 Ego
788 1414 981 1478 Ealdredus
1003 1414 1246 1496 Wigornensis

193 1514 380 1579 aecclesiae
396 1515 590 1598 episcopus,
607 1514 780 1597 quandam
798 1513 932 1578 telluris
949 1521 1095 1597 partem,
1113 1515 1247 1579 scilicet

193 1633 252 1679 rus
284 1614 377 1696 quod
410 1615 453 1678 ab
489 1614 610 1678 incolis
642 1615 854 1678 Deotinctun
885 1621 1033 1679 uocatur
1063 1633 1142 1679 cum
1174 1615 1245 1679 alio

194 1714 310 1778 uiculo
326 1715 370 1778 ad
385 1713 471 1778 illud
488 1715 682 1797 pertinente
697 1713 756 1796 qui
775 1714 940 1796 AElfsiges
957 1721 1021 1779 tun
1035 1715 1245 1792 nominatur,

193 1822 277 1891 tres,
292 1814 465 1891 uidelicet,
487 1814 586 1878 hidas
608 1820 776 1878 terrarum
792 1815 827 1878 in
845 1815 989 1890 duabus,
1013 1822 1053 1878 ut
1068 1815 1247 1897 praedixi,

192 1914 336 1991 uillulis,
354 1934 432 1978 cum
449 1915 588 1978 licentia
602 1914 732 1978 domini
748 1914 815 1977 mei
838 1915 929 1996 regis
947 1915 1158 1993 Eaduuardi‚
1181 1934 1245 1998 pro

193 2013 344 2078 remedio
373 2014 508 2079 animae
536 2033 631 2078 meae
660 2021 696 2077 et
718 2014 827 2096 ipsius
856 2015 985 2078 domini
1011 2016 1090 2092 mei,
1117 2014 1180 2078 deo
1208 2023 1244 2078 et

192 2121 334 2178 sanctae
352 2113 407 2178 dei
425 2115 582 2195 genitrici
598 2113 733 2177 Mariae
753 2114 910 2177 condono
928 2114 972 2179 ad
993 2134 1077 2178 usus
1097 2114 1244 2179 fratrum

193 2215 258 2281 deo
283 2214 507 2278 seruientium
534 2213 570 2276 in
591 2213 777 2278 aecclesiae
801 2214 911 2296 ipsius
937 2222 1078 2279 sanctae
1101 2223 1137 2279 et
1164 2235 1243 2297 per·

192 2322 318 2398 petuae
348 2313 493 2395 uirginis
517 2313 652 2378 Mariae
684 2314 721 2376 in
748 2312 1081 2394 Uuigornaoeastre3
1112 2322 1153 2378 ut
1178 2314 1243 2379 ba·

193 2416 299 2478 beant
314 2421 350 2477 et
364 2415 564 2496 possideant
580 2414 654 2477 iure
672 2411 928 2477 aecclesiastico
942 2421 1110 2496 perpetua
1122 2413 1244 2480 baere-

195 2515 316 2590 ditate,
333 2532 411 2577 cum
426 2531 509 2578 saca
527 2520 563 2578 et
577 2532 693 2590 soene,
719 2513 803 2577 tolle
821 2519 857 2577 et
879 2519 1002 2590 teame,
1024 2511 1191 2579 reditibus
1209 2521 1246 2579 et

195 2614 338 2696 campis,
365 2615 503 2696 pascuis
531 2620 567 2677 et
591 2612 712 2695 pratis,
740 2618 777 2675 et
801 2613 935 2677 cunctis
961 2613 1171 2678 utilitatibus
1199 2614 1245 2678 ad

195 2719 435 2797 praenotatam
458 2713 577 2776 uillam
601 2713 861 2794 pertinentibus.
909 2710 952 2775 In
974 2713 1116 2778 ciuitate
1137 2715 1244 2779 etiam

194 2813 378 2894 Uuigorna
399 2820 532 2876 curtem
554 2830 658 2876 unam
681 2812 726 2876 ad
757 2831 834 2876 eam
854 2813 1095 2895 pertinentem,
1117 2821 1158 2878 ut
1177 2813 1242 2880 ha-

194 2916 300 2978 beant
316 2919 352 2975 et
368 2912 511 2994 pacifice
529 2919 686 2988 utantur,
706 2918 742 2976 et
761 2912 925 2994 quamdiu
949 2913 1034 2977 fides
1056 2913 1246 2980 christiana

194 3013 230 3075 in
253 3011 383 3092 Anglia
409 3013 648 3094 permanserit,
673 3011 727 3075 bis
755 3011 998 3076 donationibus
1026 3013 1164 3078 minime
1185 3033 1246 3079 ca-

194 3119 304 3176 reant.
350 3111 454 3175 Hanc
471 3119 598 3176 terram
620 3109 712 3176 Toki
733 3118 940 3195 praepotens
963 3120 998 3178 et
1015 3112 1113 3177 diues
1129 3114 1246 3180 minis·

196 3220 249 3277 ter
273 3211 377 3292 regis,
401 3213 474 3277 iure
496 3211 746 3277 haereditariae
769 3213 1007 3290 successionis,
1033 3213 1176 3277 liberam
1201 3216 1257 3286 ab.

196 3313 290 3376 omni
304 3313 446 3377 seruitio
468 3312 628 3389 humano,
645 3319 782 3396 praeter
803 3311 932 3393 regale,
949 3313 1041 3394 quod
1060 3313 1248 3380 dumtaxat

195 3413 259 3477 toti
286 3413 420 3494 patriae
451 3431 631 3477 commune
658 3419 724 3490 est,
749 3411 913 3494 quamdiu
940 3412 1081 3490 uixerit,
1111 3421 1246 3494 tenens,

195 3510 290 3588 mihi,
323 3513 367 3575 ob
405 3512 590 3575 amicitiam
621 3513 713 3575 inter
743 3530 807 3575 nos
834 3511 1085 3590 confirmatam,
1115 3521 1150 3577 et
1180 3534 1244 3596 pro

195 3612 331 3675 animae
363 3631 448 3675 suae
481 3611 631 3675 remedio
667 3611 817 3678 moriens
849 3617 1057 3676 testamento
1087 3612 1245 3679 donauit.

196 3710 264 3775 Sed
281 3730 358 3774 cum
376 3705 467 3773 filius
484 3729 567 3774 suus
585 3708 657 3775 Aki
675 3711 822 3786 nomine,
840 3717 963 3792 potens
981 3717 1017 3775 et
1033 3713 1108 3794 ipse
1125 3713 1247 3778 minis-

195 3821 249 3876 ter
271 3809 375 3890 regis,
402 3811 512 3891 patris
538 3817 780 3874 testamentum
804 3810 939 3873 irritum
966 3811 1079 3876 facere
1113 3813 1247 3894 uolens,

195 3930 271 3975 earn
295 3916 476 3991 parentum
503 3908 720 3974 successione
742 3908 785 3972 ad
810 3928 911 3974 suum
928 3911 983 3975 ius
1011 3912 1248 3993 reclamasset,

195 4011 334 4074 fauente
350 4016 386 4074 et
402 4011 638 4075 consentiente
652 4009 728 4092 ipso
744 4009 884 4073 domino
901 4030 978 4075 meo
994 4031 1087 4094 rege,
1101 4020 1138 4077 et
1154 4013 1244 4078 Leo·

195 4110 280 4174 srico
294 4111 431 4186 comite,
449 4116 484 4174 et
509 4110 655 4175 caeteris
678 4109 902 4192 optimatibus
925 4110 1026 4176 buius
1046 4113 1247 4194 prouinciae
