2902 4890
419 386 424 393 -
458 367 631 417 casurus
659 367 999 416 suonosuxonrcnn.
1206 351 1251 415 73

194 520 390 604 gehidedra
412 543 550 602 manna,
574 524 643 589 and
667 523 708 612 sy
735 525 778 589 he
806 524 1029 589 {mausumod
1056 544 1101 588 on
1129 515 1249 589 domes

195 621 307 704 daeige
323 612 462 688 tdforan
478 623 633 688 drihtues
655 615 822 689 cncdwan
844 625 932 688 fram
950 622 1050 688 Gode
1072 624 1140 688 and
1163 623 1249 688 fram

194 723 309 786 ealian
323 723 377 786 his
393 724 530 806 hilgan,
546 724 615 791 and
632 725 702 787 mid
721 725 834 789 iudan
850 726 918 788 and
935 723 989 788 his
1006 715 1152 806 gaseran
1169 724 1250 788 uafre

194 841 240 885 on
264 815 325 887 ece
342 825 423 890 wite
442 824 622 909 cwylmed,
644 817 756 888 bfitan
779 825 822 888 he
845 814 995 906 geswice
1020 825 1086 888 and
1106 813 1144 887 t6
1161 823 1250 888 rihte

194 942 351 1006 gecyrre,
369 925 438 988 and
456 925 517 989 wit
532 921 621 1007 synd
636 925 733 990 ’disra
749 924 854 988 landa
870 924 951 987 hald
969 924 1038 988 and
1052 924 1157 988 mund
1174 912 1249 988 into

193 1011 272 1087 bam
289 1023 414 1106 hilgan
433 1032 586 1108 mynstre
598 1024 642 1088 da
656 1015 761 1089 hwile
777 1030 823 1089 ite
839 1024 951 1088 unker
966 1024 1011 1087 lif
1024 1025 1094 1089 bis.

253 1222 293 1302 ᾖ
315 1218 402 1285 Huc
435 1221 659 1304 inscriptione
693 1221 934 1286 manifestatur
960 1220 1155 1286 Leofricum
1192 1241 1250 1286 co-

196 1321 315 1385 mitem
333 1329 369 1385 et
381 1319 579 1404 Godgiuam
591 1321 802 1387 comitissam
813 1322 900 1386 duas
916 1322 1017 1386 uillas
1028 1322 1252 1400 concessisse,

196 1422 313 1502 gratia
334 1421 453 1487 diuina
475 1422 678 1506 inspirante,
701 1442 765 1505 pro
784 1441 924 1487 suornm
948 1422 1148 1487 remissione
1171 1442 1251 1504 pec-

196 1527 365 1599 catorum,
388 1522 577 1586 aecclesiae
599 1530 741 1586 sanctae
771 1520 907 1586 Mariae
929 1523 966 1585 in
992 1522 1134 1586 ciuitate
1163 1521 1250 1585 Uui-

197 1639 321 1702 gorna,
337 1622 571 1705 fratribusque
586 1621 712 1702 ibidem
734 1621 798 1685 deo
822 1622 1063 1699 seruientibus
1090 1622 1134 1685 ad
1151 1641 1250 1685 usum

198 1720 384 1798 refectorii,
414 1742 486 1806 ¹quo
514 1741 578 1806 pro
610 1722 723 1786 salute
755 1722 948 1785 animarum
980 1741 1118 1785 suarum
1145 1721 1252 1785 inter-

196 1839 353 1885 cessores
383 1840 520 1903 semper
550 1822 715 1898 existant,
744 1821 888 1899 scilicet,
913 1823 1063 1904 quinque
1096 1830 1252 1886 cassatos

198 1927 312 1984 terrae
330 1921 423 2005 apud
448 1920 677 1998 Uulfordilea,
694 1929 729 1984 et
747 1939 799 1987 .11.
815 1922 907 2004 apud
929 1920 1194 1998 Blakeuuellan,
1217 1931 1251 1986 et

197 2027 330 2084 curtem
361 2022 529 2084 nnumin
560 2022 761 2105 supradicta
791 2022 945 2098 ciuitate,
969 2029 1005 2085 et
1026 2022 1088 2098 ita,
1118 2030 1158 2086 ut
1188 2021 1253 2086 hae

197 2119 327 2186 liberae
355 2120 400 2184 ad
433 2140 534 2184 usum
564 2141 683 2185 eorum
715 2119 886 2185 refectorii
918 2129 1152 2204 permaneant.
1215 2122 1252 2186 Si

198 2220 276 2302 quis
291 2227 408 2284 autem
437 2221 527 2285 hanc
541 2229 694 2286 nostram
717 2221 938 2285 donationem
953 2220 1160 2301 largioribus
1178 2239 1251 2284 am·

198 2319 351 2401 plificare
366 2322 566 2384 muneribus
581 2322 763 2396 studuerit,
780 2320 941 2402 largiflua
959 2321 1096 2384 diuinae
1112 2321 1250 2402 pietatis

198 2419 381 2484 clementia
405 2440 470 2484 sua
497 2421 532 2483 in
560 2421 624 2485 hoc
652 2420 791 2485 saeculo
820 2422 993 2503 adaugeat
1014 2422 1117 2497 bona,
1144 2430 1250 2503 atque

198 2526 280 2602 post
310 2521 404 2585 uitae
433 2521 624 2602 praesentis
654 2540 805 2596 cursum,
828 2521 934 2585 saciat
962 2540 1039 2585 eum
1068 2520 1250 2585 haeredem

196 2621 296 2701 regui
326 2621 512 2686 coelorum,
565 2619 668 2699 Quod
700 2622 730 2684 si
759 2641 840 2684 uero
866 2623 1061 2704 quisquam,
1084 2622 1249 2686 instinctu

197 2719 369 2784 diabolico
386 2721 510 2798 elatus,
533 2729 595 2785 aut
617 2741 730 2784 rerum
753 2722 941 2804 cupiditate
963 2723 1178 2786 terrestrium
1198 2723 1249 2785 in-

199 2819 314 2898 flatus,
347 2820 432 2885 haec
464 2820 728 2885 elemosinarum
755 2821 847 2885 dona
874 2841 895 2885 a
926 2829 1049 2887 sancto
1074 2822 1251 2906 praedicto

197 2919 275 2984 loco
292 2928 437 2984 conatus
455 2920 558 2984 fuerit
575 2921 786 3000 abstrahere,
802 2924 1121 2986 excommunicatus
1137 2923 1185 2987 sit
1206 2925 1251 2986 ab

198 3021 434 3103 omnipotente
459 3021 523 3084 deo
551 3021 703 3083 omnium
725 3028 892 3099 creatore,
909 3030 945 3087 et
962 3042 1006 3086 ex
1029 3029 1128 3106 parte
1150 3041 1249 3086 sanc·

197 3120 352 3185 tissimae
390 3120 567 3202 genitricis
599 3121 734 3184 Mariae
772 3141 904 3186 necnon
941 3123 1053 3186 sancti
1084 3121 1248 3198 Oswaldi,

197 3227 466 3303 sanctarumque
483 3221 706 3302 reliquiarum
726 3221 851 3284 ibidem
868 3221 1129 3304 quiescentium,
1154 3229 1189 3284 et
1203 3223 1251 3286 sit

198 3319 250 3383 illi
264 3339 346 3403 pars
373 3328 408 3384 et
429 3321 623 3384 haereditas
644 3322 681 3383 iu
707 3321 877 3402 profundo
895 3321 1024 3403 abyssi,
1047 3321 1138 3385 etin
1164 3321 1250 3385 locis

198 3421 428 3499 tenebrarum,
457 3429 492 3485 et
513 3440 591 3484 cum
609 3420 699 3483 Iuda
714 3420 893 3485 Scariothe
917 3421 1063 3483 similem
1082 3420 1249 3483 sortiatur

196 3539 343 3602 poenam
366 3522 555 3601 gehennae,
582 3520 648 3583 nisi
672 3521 879 3601 poenitendo
904 3519 969 3584 deo
993 3528 1029 3584 et
1054 3519 1249 3583 hominibus

197 3619 403 3699 satisfaciat,
420 3628 456 3685 et
473 3622 600 3686 talibus
613 3621 771 3686 insistere
788 3622 857 3685 iam
875 3621 1023 3704 amplius
1038 3626 1161 3686 cesset.
