2902 4890
449 377 621 427 CHARTAE
645 378 984 427 Anonosnxonlcau.
1207 365 1251 432 55

195 532 292 596 aefter
313 525 433 599 minon
460 535 567 618 daege.
625 533 706 599 And
730 526 799 600 heo
822 537 959 624 sy’oltan
988 527 1026 601 ῐὸ
1050 535 1124 600 dam
1144 543 1247 623 tegn-

195 652 241 696 on
263 632 389 698 cwaeli:
432 626 515 701 Dos
540 626 696 721 pegulice
726 636 793 700 and
822 636 908 700 wel!
962 627 1131 702 Abeodali
1158 640 1248 704 mine

195 721 332 796 &rende
363 724 401 800 t6
429 733 504 798 liam
531 726 669 817 gemfite
699 735 839 800 beforan
869 736 995 799 eallum
1019 727 1102 801 ’liam
1131 730 1247 820 gfidan

193 851 369 912 mannum,
399 836 468 900 and
498 835 612 922 cyriali
639 835 739 899 heom
771 834 890 899 hwam
918 836 951 898 ic
983 827 1094 900 mines
1130 838 1247 903 landes

194 951 354 1012 geunnen
382 933 514 1011 haebbe,
541 935 610 998 and
638 936 730 999 ealre
757 926 869 999 minre
893 924 1005 1016 ahta
1037 937 1105 1001 and
1129 927 1248 1002 minan

194 1032 326 1113 §ganan
355 1053 443 1099 suna
468 1024 575 1098 ne‘efre
598 1021 668 1098 nan
694 1034 793 1120 laing3
817 1036 884 1098 and
901 1033 1024 1098 biddali
1040 1037 1138 1101 heom
1157 1028 1247 1103 beon

193 1133 304 1196 eisses
323 1123 360 1198 t6
377 1135 595 1214 gewitnesse.
646 1131 728 1198 And
748 1127 814 1200 heo
829 1123 873 1199 da
890 1134 968 1199 swa
986 1136 1123 1220 dydon3
1147 1138 1247 1202 ridon

194 1224 234 1295 tf>
258 1222 335 1298 liam
362 1225 501 1315 gemote
524 1234 593 1298 and
616 1231 750 1321 cylidon
774 1235 888 1299 eallon
907 1223 988 1299 dam
1011 1225 1128 1318 goden
1150 1257 1246 1302 man-

194 1351 274 1395 num
306 1332 409 1397 hwaet
438 1326 505 1400 he6
537 1354 582 1398 on
611 1333 712 1398 heom
744 1335 843 1416 geled
871 1334 992 1398 haefde.
1062 1324 1119 1400 ΒΞ
1144 1325 1248 1402 estod

194 1431 314 1496 Durcil
333 1424 459 1498 Hwita
481 1425 531 1517 sip
558 1455 603 1499 on
628 1422 711 1499 liam
738 1425 875 1516 gemsste
901 1434 968 1498 and
994 1436 1070 1499 baed
1096 1436 1184 1500 ealle
1205 1436 1249 1502 lia

194 1533 332 1616 paegnas
348 1533 461 1615 syllan
479 1534 532 1598 his
548 1526 628 1599 wife
644 1538 692 1599 lia
712 1535 832 1599 landes
858 1533 962 1597 alaine
982 1540 1028 1598 tte
1051 1535 1124 1600 hire
1148 1556 1248 1620 mage

194 1631 268 1695 hire
284 1630 402 1713 gentio,
421 1634 488 1696 and
504 1625 571 1699 heo
589 1622 665 1699 swa
679 1635 814 1718 dydon;
838 1634 906 1698 and
922 1635 1043 1698 Durcil
1066 1637 1125 1699 rid
1147 1625 1192 1701 lia
1208 1628 1246 1701 to

194 1739 315 1796 sancte
331 1732 570 1798 AElielberhtes
592 1741 757 1817 mynstre,
774 1735 815 1798 be
830 1734 935 1799 ealles
949 1732 1019 1798 lices
1035 1735 1141 1800 folces
1163 1737 1249 1801 leafe

193 1831 263 1895 and
279 1832 495 1914 gewitnesse,
510 1833 577 1899 and
596 1834 645 1899 let
662 1841 777 1898 settan
794 1854 838 1898 on
855 1823 921 1899 ane
940 1834 1071 1900 cristes
1088 1825 1163 1904 boc.

627 2131 825 2197 Dccnvl.

636 2281 810 2346 *GNU'R

252 2437 291 2516 ›1‹
314 2433 390 2496 Eoo
410 2431 510 2496 Knut
526 2452 589 2515 per
602 2432 657 2495 dei
673 2432 939 2496 misericordiam
957 2432 1118 2510 basileus,
1130 2435 1249 2515 AEgel-

196 2532 285 2597 nolio
314 2534 573 2616 archiepiscopo
599 2539 635 2595 et
662 2532 820 2596 omnibus
846 2532 1028 2615 episeopis,
1054 2533 1250 2611 abbatibus,

196 2634 392 2711 comitibus,
414 2633 686 2708 uicecomitibuS,
712 2639 748 2696 et
774 2632 932 2696 omnibus
960 2632 1116 2696 fidelibus
1144 2634 1251 2697 totius

196 2731 358 2816 Angliae,
384 2734 532 2798 salutem
556 2739 591 2796 et
614 2731 820 2796 amicitiam!
883 2731 1007 2796 Sciatis
1034 2752 1088 2797 me
1114 2732 1249 2797 dedisse

196 2833 262 2897 deo
302 2852 343 2897 ac
373 2841 494 2898 sancto
525 2830 723 2913 Augustino
756 2838 792 2895 et
823 2832 999 2910 fratribus,
1032 2839 1072 2895 ut
1102 2832 1251 2897 habeant

196 2952 313 2997 eorum
331 2951 414 2996 saca
428 2940 463 2996 et
479 2952 597 3010 socna,
615 2940 650 2996 et
667 2932 762 3015 pacis
780 2932 977 3009 fracturam,
996 2939 1031 2996 et
1047 2950 1199 3014 pugnam
1215 2933 1251 2996 in

197 3032 300 3096 domo
317 3032 457 3108 factam,
474 3039 510 3096 et
527 3033 604 3095 uiae
620 3031 783 3107 assaltus,
798 3039 833 3095 et
847 3032 1000 3096 latrones
1016 3031 1052 3094 in
1070 3039 1162 3096 terra
1187 3052 1251 3097 sua

198 3139 331 3215 captos,
344 3132 586 3214 latronumque
601 3132 854 3213 susceptionem
871 3130 926 3194 uel
941 3131 1132 3213 pastionem
1148 3151 1252 3215 super

190 3233 335 3297 «illorum
368 3232 526 3314 proprios
561 3230 715 3295 homines
741 3230 830 3294 infra
862 3231 1037 3294 ciuitatem
1071 3239 1106 3295 et
1140 3239 1251 3310 extra,

199 3333 464 3415 theloneumque
487 3351 588 3394 suum
613 3331 650 3394 in
677 3336 770 3394 terra
794 3337 829 3393 et
853 3329 888 3392 in
910 3349 1013 3412 aqua,
1042 3338 1147 3412 atque
1170 3350 1251 3395 con-

199 3433 413 3499 suetudinem
445 3451 535 3514 quae
571 3431 697 3495 dicitur
728 3430 894 3507 theameS,
933 3436 969 3493 et
999 3450 1103 3512 super
1135 3450 1252 3496 omnes

200 3533 400 3597 allodiarius
417 3551 505 3614 qnos
522 3531 572 3595 eis
592 3531 701 3597 habeo
724 3530 836 3595 datos.
890 3528 967 3595 Nec
991 3530 1071 3594 uolo
1094 3538 1252 3595 consent·

198 3633 249 3697 ire
272 3638 311 3696 ut
328 3631 454 3713 aliquis
478 3632 512 3694 in
537 3631 709 3713 aliquare
735 3630 777 3693 de
799 3630 865 3694 hiis
885 3649 923 3694 se
946 3631 1166 3707 intromittat,
1184 3631 1251 3695 nisi

199 3751 318 3796 eorum
345 3731 535 3814 praepositi
560 3731 684 3813 quibus
713 3731 781 3813 ipsi
811 3730 896 3794 haec
926 3731 1253 3808 commendauerint‚

199 3832 282 3916 quia
315 3830 426 3896 habeo
460 3831 523 3895 has
553 3830 818 3895 consuetudines
849 3831 914 3894 deo
941 3830 1043 3893 datas
1070 3837 1106 3893 et
1131 3839 1253 3895 sancto

205 3931 411 4013 Augustino,
427 3951 491 4013 pro
515 3931 749 4013 redemptione
775 3932 909 3995 animae
933 3948 1030 3993 meae
1049 3935 1084 3993 et
1102 3948 1255 3995 success-

199 4051 299 4100 orum
320 4051 487 4108 meorum,
504 4031 555 4095 ita
574 4037 613 4095 ut
628 4050 687 4094 eas
709 4031 816 4095 libere
838 4037 874 4094 et
889 4031 1036 4113 pleniter
1053 4029 1204 4095 habeant
1219 4039 1255 4097 et

198 4132 401 4218 possideant
424 4134 688 4215 imperpetuum.
754 4132 801 4196 Et
830 4131 891 4213 qui
920 4130 1009 4196 hano
1035 4130 1254 4196 donationem
