2902 4890
191 353 256 417 144
458 370 630 419 caturae
652 371 993 421 succosaxomcan.

193 547 304 609 neque
324 526 468 609 quilibet
483 528 679 610 episcopua,
696 547 758 593 nec
780 529 977 611 quicunque
1002 529 1045 593 de
1067 527 1250 593 iudiciaria

193 634 366 710 potestate
389 627 424 690 in
438 626 549 709 ipsam
566 635 722 692 sanctam
744 629 921 694 basilicam
942 629 999 693 uel
1014 630 1050 693 in
1069 635 1251 694 manentes

195 728 231 791 in
245 728 333 810 ipsa,
349 726 406 790 uel
425 727 460 790 in
478 727 633 792 homines
650 729 710 811 qui
726 748 804 793 cum
819 729 891 793 suis
909 730 1021 807 terriS,
1039 729 1095 793 uel
1111 729 1251 812 quibus-

196 828 428 908 libetcumque
445 828 660 906 substantiis,
671 829 714 892 ad
729 829 838 911 ipsam
855 829 990 893 tradere
1004 830 1061 893 uel
1077 829 1250 894 deuouere

196 947 234 991 se
256 926 441 1003 uoluerint,
460 927 526 990 nisi
550 948 612 1010 per
635 928 849 993 uoluntatem
873 928 1008 994 abbatis
1031 937 1066 994 et
1095 929 1251 994 omnium

196 1048 337 1092 suorum
362 1027 609 1092 monachorum
624 1027 731 1091 ullam
749 1048 901 1112 unquam
923 1029 1074 1094 habeant
1094 1036 1252 1112 potesta-

196 1137 283 1202 tem3
308 1127 368 1190 sed
387 1127 433 1190 sit
452 1126 538 1191 haec
562 1135 684 1192 sancta
703 1136 814 1192 mater
828 1129 995 1193 aecclesia
1011 1129 1173 1212 specialis
1191 1128 1254 1193 do-

196 1229 308 1291 minae
332 1233 471 1291 nostrae
496 1234 683 1310 perpetuae
708 1228 854 1310 uirginis
875 1229 1022 1306 Mariae,
1045 1250 1086 1294 ac
1112 1229 1253 1312 patroni

199 1328 307 1392 nostri
319 1326 431 1391 sancti
444 1327 633 1406 Benedicti,
644 1335 678 1392 et
688 1331 838 1393 omnium
851 1337 1050 1395 sanctarum
1063 1329 1252 1413 uirginum,

197 1428 306 1491 libera
326 1434 361 1491 et
378 1428 537 1492 absoluta
558 1430 602 1491 ab
624 1430 717 1492 omni
733 1429 913 1492 inuasione
937 1431 993 1494 uel
1014 1430 1252 1512 inquietudine

198 1529 348 1592 omnium
368 1526 544 1591 hominum
567 1530 811 1612 cuiuscumque
834 1529 964 1593 ordinis
988 1529 1045 1594 uel
1067 1531 1253 1613 potestatis

198 1647 273 1692 esse
295 1627 488 1691 uideantur.
541 1626 727 1692 Praeterea
748 1627 784 1691 in
806 1636 1009 1712 perpetuum
1030 1631 1194 1695 confirmo
1212 1638 1253 1694 ut

198 1728 358 1792 monachi
380 1727 532 1791 eiusdem
555 1728 742 1792 aecclesiae
769 1748 830 1811 per
848 1729 1082 1794 successiones
1107 1731 1255 1795 secund-

199 1849 258 1892 um
295 1827 451 1910 regulam
491 1828 603 1892 sancti
636 1827 815 1893 Benedicti
848 1829 975 1911 eligere
1005 1831 1071 1894 sibi
1108 1830 1253 1895 idoneos

199 1930 341 1994 abbates
364 1927 514 1991 habeant
536 1935 764 2010 potestatem
793 1936 829 1993 et
850 1931 1006 2013 quisquis
1025 1929 1252 2012 fugitiuorum

199 2030 242 2093 de
258 2048 464 2111 quocunque
479 2028 568 2104 loco,
584 2048 647 2110 pro
663 2047 868 2111 quacunque
887 2049 1005 2106 causa,
1017 2031 1253 2114 cuiuscunque

202 2129 409 2194 conditionis
432 2129 489 2205 sit,
509 2128 623 2210 ipsum
646 2136 804 2192 sanctum
827 2128 940 2194 locum
964 2129 1021 2193 uel
1038 2131 1254 2212 procinctum

202 2230 275 2294 eius
301 2229 484 2292 intrauerit
506 2228 655 2309 lugiens,
669 2230 898 2293 membrorum
925 2248 1064 2293 suorum
1092 2249 1132 2294 ac
1159 2232 1255 2296 uitae

202 2330 442 2412 impunitatem
478 2337 719 2411 consequatur.
780 2327 1023 2393 Possessiones
1055 2344 1140 2394 uero
1165 2351 1255 2414 quae

200 2430 248 2494 ibi
266 2448 287 2492 a
303 2429 565 2511 quibuscunque
582 2429 730 2493 donatae
757 2435 851 2507 sunt,
876 2450 944 2494 non
960 2431 1066 2497 abbas
1089 2450 1159 2494 uon
1185 2433 1256 2497 alia

201 2530 375 2614 quaelibet
403 2548 552 2610 persona
578 2529 750 2594 licentiam
779 2529 905 2593 habeat
930 2530 1100 2594 uendendi
1118 2531 1174 2594 uel
1191 2553 1255 2597 ex-

202 2630 332 2694 traneis
361 2628 484 2702 dandi;
516 2627 576 2692 sed
608 2649 727 2710 regum
758 2630 943 2693 munimine
969 2630 1130 2713 deinceps
1158 2632 1258 2697 locus

202 2731 276 2813 ipse
302 2735 453 2804 tueatur,
474 2728 617 2810 ipseque
640 2730 746 2792 abbas
774 2729 847 2811 regi
871 2730 938 2794 soli
966 2730 1132 2809 seruiens
1150 2740 1257 2816 atque

203 2831 235 2894 ei
259 2829 325 2892 soli
350 2846 389 2890 os
412 2827 457 2891 ad
480 2847 519 2891 os
542 2829 765 2911 respondens,
783 2831 1001 2894 commissum
1023 2831 1089 2895 sibi
1114 2852 1256 2914 gregem

204 2927 375 3012 spirituali
392 2935 427 2991 et
445 2928 627 3010 temporali
644 2935 747 3011 pastu
765 2931 980 2995 abundanter
996 2931 1124 2996 foueat.
1166 2931 1258 2998 Con-

203 3028 287 3095 cedo
310 3035 345 3093 et
362 3027 526 3091 confirmo
543 3047 661 3092 omnes
676 3029 878 3094 donationes
897 3036 1064 3095 terrarum
1082 3030 1139 3095 uel
1154 3032 1258 3097 liber-

202 3137 326 3207 tatum,
352 3132 415 3192 aut
439 3128 584 3192 aliarum
610 3149 735 3207 rerum,
757 3150 846 3212 quae
872 3150 894 3194 a
921 3132 1061 3212 regibus
1082 3132 1257 3214 Eadgaro,

204 3230 376 3306 uidelicet,
405 3237 441 3293 et
467 3227 689 3305 Hardeknut‚
716 3247 777 3295 seu
804 3230 881 3294 aliis
909 3230 1066 3295 fidelibus
1089 3247 1170 3298 ante
1201 3255 1256 3299 me

194 3331 352 3409 ,donatae
380 3337 484 3408 sunt3
517 3329 583 3393 hoc
606 3337 660 3394 est
678 3329 834 3412 Upwode
857 3349 934 3394 cum
953 3331 1133 3415 Raueleya
1159 3335 1258 3399 bere·

205 3431 291 3496 wico
311 3448 387 3507 suo,
402 3436 438 3493 et
457 3449 534 3492 cum
552 3430 670 3494 insula
682 3430 717 3494 in
734 3449 804 3513 qua
821 3431 1034 3513 praedictum
1058 3439 1130 3498 stat
1150 3436 1258 3500 arcis·

205 3531 328 3596 terium
353 3549 429 3593 cum
447 3528 605 3593 omnibus
623 3530 688 3593 sibi
709 3531 980 3613 pertinentibus;
1006 3530 1258 3615 Hemingeford

206 3651 284 3695 cum
306 3629 464 3693 omnibus
489 3629 533 3692 ad
556 3649 593 3692 se
610 3630 877 3712 pertinentibus;
900 3629 1068 3696 Walsoke
1083 3652 1160 3697 cum
1184 3655 1259 3701 om·

206 3732 306 3795 nibus
324 3729 367 3793 ad
385 3747 423 3792 se
438 3729 708 3809 pertinentibus;
733 3730 880 3814 Sautrey
892 3751 970 3795 cum
985 3733 1143 3798 omnibus
1160 3737 1204 3800 ad
1220 3756 1260 3802 se

206 3829 479 3913 pertinentibus;
500 3827 668 3910 Hellingh
684 3849 762 3893 cum
780 3831 937 3895 omnibus
954 3832 998 3896 ad
1015 3851 1052 3896 se
1067 3835 1260 3914 pertinent·

208 3932 304 4008 ibus;
339 3929 375 3992 in
397 3927 528 3992 Welles
561 3929 686 4010 uiginti
720 3930 911 4012 piscatores
949 3931 1075 3996 ibidem
1110 3935 1259 4017 singulis

208 4031 307 4094 annis
330 4029 374 4093 ad
397 4048 497 4091 usum
520 4029 663 4093 fratrum
692 4046 764 4094 ,mu
788 4030 897 4096 millia
923 4033 1155 4116 anguillarum
1185 4038 1260 4102 red-

207 4131 348 4209 dentes3
374 4129 592 4194 Brancestrei
607 4149 685 4195 cum
706 4131 862 4196 omnibus
879 4133 924 4197 ad
941 4152 980 4197 se
996 4133 1260 4217 pertinentibus,
