2902 4890
450 360 622 408 curaris
644 360 986 410 uucnosrxourcrn.
1199 345 1241 408 41

193 523 329 593 uerunt,
356 516 573 595 Kentwines,
603 517 697 595 Ines,
720 516 911 594 Cu’dredus
936 518 1125 595 AElfredus,
1152 518 1245 583 Ead-

194 616 342 693 wardus,
392 616 628 694 Eadmundus,
666 624 702 681 et
734 618 1013 700 incomparabilis
1050 618 1244 700 Eadgarus.

193 717 230 779 Si
258 718 335 799 quis
361 724 477 780 autem
507 719 631 799 quouis
659 717 821 800 deinceps
853 727 1005 800 tempore
1035 720 1098 782 snb
1128 719 1245 801 aliqua

194 817 373 880 occasione
396 818 644 898 interrumpere
663 825 724 881 aut
740 818 876 881 irritum
894 818 1007 882 facere
1022 817 1124 881 huius
1140 817 1244 900 priui-

193 917 275 997 legii
294 917 527 980 testimonium
551 917 646 979 nisus
672 916 786 994 suerit,
809 918 855 980 sit
876 937 897 980 a
915 919 1089 982 consortio
1111 918 1247 1000 piorum

194 1016 307 1079 ultimi
332 1016 501 1080 examinis
527 1017 720 1080 uentilabro
742 1017 954 1099 dispertitus.
1016 1017 1054 1083 Si
1069 1019 1147 1100 quis
1164 1037 1248 1081 uero

193 1117 363 1180 beneuola
378 1117 568 1180 intentione
584 1116 669 1180 haec
692 1116 816 1193 facere,
834 1118 991 1199 probare,
1009 1124 1044 1180 et
1065 1116 1245 1181 defendere

195 1216 365 1293 statuerit,
385 1218 604 1280 beatissimae
624 1217 680 1280 dei
696 1212 872 1297 genitricis
888 1216 1023 1280 Mariae
1039 1224 1075 1279 et
1094 1219 1246 1280 omnium

195 1323 392 1380 sanctorum
428 1316 686 1394 intercessione,
709 1317 896 1398 amplificet
927 1317 1011 1380 deus
1053 1317 1246 1398 portionem

195 1417 269 1479 eius
287 1415 321 1478 in
348 1424 441 1480 terra
467 1416 670 1481 uiuentium.
724 1416 860 1498 Scripta
885 1423 938 1480 est
954 1416 1056 1479 buius
1073 1416 1247 1498 priuilegii

197 1515 338 1579 donatio
368 1524 403 1580 et
429 1517 649 1599 promulgata
680 1517 717 1580 in
746 1517 861 1597 lignea
889 1517 1033 1580 basilica
1061 1517 1125 1580 sub
1152 1536 1259 1598 prae*

196 1617 308 1678 sentia
342 1616 433 1698 regis
465 1616 647 1695 cnutonis,
670 1636 760 1680 anno
787 1617 831 1680 ab
853 1617 1089 1681 incarnatione
1119 1615 1257 1681 domini.

199 1733 381 1782 .M.xxxu.
1230 1737 1231 1741 ¹

583 2015 867 2081 DCCXLVIII.

577 2165 598 2208 *
612 2164 760 2242 CNUT,
784 2164 880 2228 1032.

253 2316 293 2398 >1⁴
315 2314 467 2379 Cuurus
490 2332 553 2378 rex
571 2315 678 2378 totius
704 2313 855 2396 Angliae
883 2321 918 2378 et
939 2312 1193 2379 Danmarchiae
1215 2325 1251 2380 et

200 2414 409 2496 Norwagiae
428 2421 463 2479 ct
480 2433 627 2496 magnae
642 2416 751 2497 partis
768 2415 983 2492 Swauorum,
999 2414 1154 2479 omnibus
1171 2436 1250 2499 pro·

198 2515 333 2592 uinciis,
348 2514 556 2592 nationibus,
578 2522 613 2579 et
629 2514 766 2597 populis
781 2533 878 2578 meae
895 2515 1061 2597 potestati
1075 2516 1251 2594 subiectis,

197 2622 269 2679 tam
295 2614 484 2678 minoribus
511 2635 614 2698 quam
635 2614 833 2691 maioribus,
855 2614 1025 2681 salutem!
1072 2613 1159 2678 Cum
1181 2623 1250 2680 ter·

199 2699 274 2778 r'am
289 2713 440 2797 Angliae
457 2717 692 2797 progenitores
710 2717 777 2779 mei
794 2723 830 2778 et
846 2722 1006 2796 parentes
1024 2715 1119 2778 duris
1135 2722 1253 2781 extor-

199 2815 349 2878 tionibus
364 2823 400 2878 et
410 2814 493 2878 diris
508 2815 830 2897 depraedationibus
842 2816 980 2898 saepius
995 2823 1253 2897 oppresserunt,

200 2922 247 2991 et,
273 2913 396 2992 sateor,
428 2915 644 2979 innocentem
681 2916 884 2996 sanguinem
918 2914 1115 2997 frequenter
1144 2916 1180 2978 in
1212 2936 1253 2980 ea

201 3013 414 3094 effuderunt;
442 3015 593 3078 studium
618 3034 732 3079 meum
756 3035 777 3078 a
798 3015 967 3096 principio
995 3015 1094 3095 regni
1118 3014 1196 3092 suit,
1218 3023 1254 3080 et

201 3132 334 3197 semper
351 3114 417 3178 erit
438 3116 475 3178 in
497 3116 662 3190 futurum,
679 3121 751 3179 tam
780 3133 910 3196 poenas
933 3115 1020 3179 coeli
1044 3133 1147 3195 quam
1174 3135 1253 3198 poe

202 3233 265 3277 nas
289 3214 431 3292 saeculi,
453 3223 594 3297 propter
625 3214 710 3277 haec
741 3234 817 3277 mea
847 3221 991 3295 peccata
1013 3220 1048 3277 et
1074 3223 1254 3294 parentum

200 3333 352 3378 meorum
369 3314 592 3393 satisfacere3
618 3321 654 3377 et
675 3320 804 3376 statum
827 3313 934 3376 totius
961 3319 1103 3376 sanctae
1131 3316 1252 3377 matris

200 3414 400 3492 aecclesiae,
433 3421 468 3478 et
501 3414 771 3494 uniuscuiusque
797 3412 996 3475 monasterii
1026 3412 1090 3474 sub
1111 3412 1255 3494 imperio

201 3533 278 3577 meo
295 3513 487 3591 constituti,
504 3532 580 3577 cum
599 3515 635 3578 in
653 3513 770 3595 aliquo
794 3531 871 3575 meo
892 3511 1084 3594 patrocinio
1100 3511 1255 3594 indigue-

202 3614 284 3690 rint,
313 3614 494 3679 deuotione
524 3615 641 3678 debita
667 3613 872 3687 emendare;
903 3631 1090 3694 omnesque
1117 3622 1255 3678 sanctos

202 3712 269 3789 dei,
287 3732 349 3795 per
363 3713 447 3777 haec
465 3721 500 3776 et
517 3714 586 3777 alia
603 3715 695 3777 bona
713 3731 818 3795 opera
834 3712 918 3775 mihi
940 3712 975 3775 in
999 3713 1082 3775 meis
1106 3714 1254 3776 necessi-

205 3813 336 3876 tatibus
368 3813 508 3877 reddere
538 3814 720 3893 benignos,
755 3832 796 3877 ac
835 3811 1134 3894 deprecationibus
1172 3813 1257 3877 meis

202 3912 411 3978 fauorabiles
440 3921 474 3976 et
501 3913 669 3996 placatae.
735 3912 819 3976 Ideo
846 3914 880 3975 in
911 3931 1007 3975 arras
1033 3910 1134 3973 buius
1160 3931 1257 3978 meae

204 4011 453 4078 satisfactionis
482 4015 586 4079 offero
615 4019 736 4077 sancto
764 4011 922 4077 Gublaco
947 4011 989 4074 de
1010 4010 1197 4094 Croyland,
1223 4023 1258 4078 et

207 4113 353 4178 caeteris
370 4112 500 4177 sanctis
517 4115 667 4178 eiusdem
686 4114 752 4177 loci
774 4113 816 4176 de
838 4111 1033 4175 substantia
1058 4130 1134 4176 mea
1151 4131 1257 4176 unum
