2902 4890
192 341 258 405 114
451 355 624 404 culnrln
650 354 994 404 lnccosnxourcnm

195 512 354 593 primitus
381 530 481 574 ouem
511 509 677 574 reducens
700 508 858 586 coelitus,
886 509 985 572 nobis
1005 510 1079 573 siue
1107 510 1250 574 creden.

197 613 290 675 tibus
306 611 477 674 uniuersis
502 608 661 672 fidelibus
681 610 717 672 in
741 610 843 671 unius
859 609 1047 672 aecclesiae
1069 609 1148 671 sinu
1173 630 1249 673 ma·

198 712 262 774 tris
295 709 485 774 catholicae
510 716 585 772 toto
617 709 652 771 in
687 709 769 771 orbe
794 707 917 771 statuit
947 709 1095 771 inuicem
1123 709 1251 773 iratres

197 810 271 873 fieri
287 817 323 872 et
339 808 503 872 haeredes
515 808 651 890 quidem
670 807 737 883 dei,
751 807 957 871 cohaeredes
974 814 1089 871 autern
1096 806 1248 882 Christi;

198 928 261 973 nos
279 907 435 990 adoptiui
455 907 516 970 lilii
539 926 600 989 per
620 905 796 970 Christum
820 925 937 969 sumus
960 913 995 969 et
1016 907 1073 971 dei
1091 908 1257 971 ueritatis

199 1009 365 1072 attentius
384 1008 413 1069 si
431 1013 602 1070 contestes
622 1005 818 1084 existimus3
842 1005 934 1068 unde
949 1004 1071 1070 doctor
1088 1009 1252 1087 egregius

201 1107 334 1170 Paulus
359 1107 409 1169 ait
423 1105 613 1189 apostolus,
634 1104 850 1185 ‘Loquimini
865 1106 1047 1168 ueritatem
1064 1108 1253 1188 unusquis-

201 1225 267 1288 que
284 1226 362 1270 cum
379 1205 539 1286 proximo
561 1223 637 1279 suo,
654 1205 816 1285 quoniam
839 1222 957 1267 sumus
979 1205 1130 1268 inuicem
1143 1224 1247 1268 mem·

200 1306 263 1367 bra
276 1306 296 1368 l'
339 1304 453 1385 Igitur
469 1323 534 1384 ego
550 1301 764 1367 Eadwardus
779 1302 834 1366 dei
851 1302 991 1367 fauente
1004 1306 1119 1384 gratia
1134 1306 1255 1386 regius

200 1404 406 1485 Angliarum
442 1402 659 1479 monarchus,
694 1403 832 1484 penitus
865 1404 929 1465 suh
962 1403 1060 1466 firmo
1092 1405 1253 1467 ueritatis

202 1501 422 1568 Christianae
452 1502 649 1566 testimonio
676 1521 828 1564 meorum
854 1500 990 1564 cuidam
1023 1502 1166 1566 militari
1193 1504 1256 1567 ob-

201 1602 321 1684 sequio
352 1601 567 1665 subditorum
593 1601 728 1664 nomine
756 1599 922 1664 AElfwino
946 1601 982 1663 in
1010 1601 1086 1665 loco
1113 1602 1254 1682 uulgari

201 1702 388 1764 usitatione
407 1699 653 1763 Hamaladuna
679 1701 772 1763 dicto
805 1707 931 1763 terram
958 1719 1126 1782 carrugae
1150 1702 1254 1765 unius

202 1800 402 1875 cultibilem,
417 1819 487 1862 una
504 1818 580 1862 cum
604 1799 724 1880 pratis,
743 1799 892 1879 pascuiS,
910 1801 1053 1880 campis,
1069 1806 1175 1882 atque
1193 1801 1255 1862 sil·

203 1900 269 1976 uis,
287 1898 467 1977 annuendo
485 1897 630 1979 dispono
652 1905 687 1960 et
712 1897 925 1980 disponendo
947 1918 1073 1973 annuo,
1089 1901 1255 1980 quatinus

203 1997 449 2081 perpetualiter
475 1998 569 2060 omni
601 1999 730 2078 absque
758 1997 1029 2061 contradictione
1062 2006 1098 2061 et
1130 1996 1256 2061 aduer-

204 2099 300 2161 sione
318 2098 421 2160 etiam
433 2102 468 2159 et
483 2096 625 2160 seruitio
642 2096 721 2159 dum
738 2096 866 2159 uixerit
881 2096 1077 2176 possideat;
1098 2104 1134 2160 et
1155 2105 1254 2178 post-

204 2197 343 2259 modum
361 2195 863 2276 haereditabilitercuicumque
871 2201 1087 2276 posterorum
1103 2195 1255 2259 uoluerit

204 2295 333 2361 eodem
353 2295 512 2358 absoluto
535 2294 592 2357 uel
613 2295 776 2376 expedito
799 2294 868 2357 ritu
890 2294 1131 2375 possidendam
1152 2295 1255 2358 relin-

206 2402 300 2477 quat.
354 2393 455 2457 Unde
483 2412 560 2456 mea
582 2394 691 2475 regali
712 2393 889 2457 sanctione
913 2413 1163 2474 procerumque
1184 2415 1257 2458 me·

207 2513 303 2557 orum
336 2492 577 2574 opitulatione,
605 2512 695 2556 auno
731 2493 775 2554 ab
810 2493 1046 2556 incarnatione
1083 2492 1258 2557 dominica

208 2608 369 2655 .n.xn1x.
389 2592 581 2672 praesentis
607 2591 795 2655 testimonii
824 2591 978 2654 certain
993 2591 1170 2655 Wentana
1196 2593 1256 2656 de-

206 2692 367 2755 scribitur
391 2691 486 2766 urbe,
503 2691 723 2772 praesulante
746 2691 780 2757 in
803 2709 844 2755 ea
871 2689 926 2755 dei
954 2692 1068 2771 gratia
1088 2691 1256 2772 Stigando

207 2790 361 2854 antistite
388 2788 575 2871 eodemque
604 2808 681 2857 cum
710 2790 855 2852 caeteris
881 2790 966 2852 meis
991 2789 1146 2854 fidelihus
1178 2811 1258 2856 con-

208 2892 367 2971 signante
387 2908 532 2970 quorum
553 2888 693 2952 nomina
716 2895 856 2969 patent3
879 2908 958 2953 ecce
983 2909 1072 2971 quae
1101 2892 1258 2954 memori·

209 2997 261 3055 ter
278 2995 461 3055 teneantur
475 2989 511 3051 in
527 2988 725 3052 testimonio
738 2989 813 3053 siue
828 2987 991 3053 salsitate.

264 3091 303 3170 »ᾖ
325 3088 402 3169 Ego
420 3087 634 3152 Eadwardus
649 3087 699 3150 sic
714 3088 877 3154 confirmo
894 3089 1024 3170 primus
1042 3107 1085 3151 ne
1102 3089 1149 3154 sit
1164 3090 1258 3152 ullus

209 3206 360 3270 unquam
376 3188 412 3248 in
428 3184 623 3267 Anglorum
646 3193 739 3250 terra
754 3187 814 3269 qui
830 3186 986 3251 destruat
1003 3193 1145 3251 cartam.
1213 3191 1254 3272 »Β

210 3288 286 3368 Ego
304 3285 766 3354 EadsinusDorobernensis
779 3286 965 3350 aecclesiae
978 3286 1261 3369 archiepiscopus

210 3387 298 3457 hanc
324 3386 488 3466 pietatem
510 3386 701 3465 diuulgaui.
759 3388 799 3467 ›1‹
829 3385 905 3466 Ego
932 3385 1101 3450 AElfricus
1121 3387 1259 3450 *Ebora-

210 3485 322 3549 censis
360 3484 512 3546 ciuitatis
546 3483 780 3564 archipraesul
812 3484 901 3547 hanc
940 3485 1160 3548 donationem
1198 3487 1264 3551 ad.,

210 3582 357 3665 signaui.
415 3584 454 3663 »ᾖ
481 3581 557 3661 Ego
586 3582 774 3662 Stigandus
797 3581 1046 3646 Wintoniensis
1070 3585 1260 3650 aecclesiae

210 3684 391 3764 episcopus
428 3680 652 3744 consolidari.
719 3683 758 3762 ›1‹
793 3681 868 3762 Ego
900 3680 1143 3746 Heremannus
1170 3683 1260 3748 Wil-

125 3826 132 3845 t
211 3779 377 3845 tuniensis
406 3779 589 3860 episcopus
620 3779 831 3842 confirmaui.
903 3781 942 3863 ›1‹
971 3781 1048 3862 Ego
1083 3781 1261 3848 Leosricus

213 3878 401 3944 Cridiensis
431 3877 613 3959 episcopus
635 3878 866 3942 corroboraui.
925 3881 963 3960 >1⁴
987 3880 1064 3961 Ego
1090 3880 1261 3947 Godwine

211 3980 294 4044 dux.
350 3980 390 4059 *1⁴
413 3976 489 4057 Ego
508 3975 643 4041 Leofric
658 3978 741 4044 dux.
798 3980 838 4059 ›1‹
861 3978 938 4060 Ego
956 3978 1093 4043 Harold
1110 3980 1195 4046 dux.
