2902 4890
191 361 257 425 174
446 372 618 422 11111111
641 330 983 419 Anonosnxonronn.

195 535 285 597 sicut
300 530 458 596 amabilis
481 530 545 594 deo
562 528 724 593 Salomon
748 535 848 592 tanta
873 548 958 610 pace
979 536 1014 592 et
1030 548 1144 592 rerum
1164 548 1248 611 opu-

196 633 304 697 lentia
329 631 503 695 abundaui
522 637 561 693 111
577 629 691 693 nullus
715 628 993 692 antecedencium
1013 648 1134 711 regum
1155 629 1250 692 simi-

195 733 238 796 lis
254 733 321 795 mei
338 730 491 794 fueritin
508 729 620 810 gloria
638 735 674 792 et
692 727 833 792 diuitiis.
885 728 952 791 Sed
974 730 1090 810 gratia
1107 729 1163 792 dei
1179 749 1249 791 non

196 852 262 908 me,
281 839 321 895 ut
343 829 484 906 assolet,
506 848 552 892 ex
574 828 756 910 opulencia
781 827 944 909 superbia
971 836 1006 892 et
1031 836 1249 910 contemptus

196 931 345 1008 inuasit3
368 929 472 993 immo
487 927 586 1010 coepi
602 928 794 1009 recogitare
811 928 907 991 cuius
936 928 1028 992 dono
1052 936 1087 991 ct
1114 928 1249 992 auxilio

195 1030 239 1093 ad
261 1029 359 1110 regni
378 1027 514 1093 culmen
534 1028 642 1102 euasi,
669 1027 832 1108 quoniam
856 1026 945 1090 ‘Dei
965 1035 1020 1091 est
1044 1047 1190 1108 regnum
1213 1035 1249 1090 et

195 1129 250 1192 cui
262 1129 339 1192 uult
352 1128 412 1191 dat
429 1127 538 1203 illud,’
552 1133 599 1203 et,
612 1125 728 1204 ‘Quia
743 1126 889 1189 mundus
903 1128 1028 1190 transit
1038 1133 1074 1190 et
1086 1127 1250 1209 concupi-

196 1228 328 1292 scentia
350 1227 448 1304 eius,'
465 1226 526 1309 qui
541 1235 658 1290 autem
672 1231 784 1289 totum
807 1244 845 1289 se
866 1226 982 1289 subdit
999 1226 1063 1291 deo
1080 1226 1250 1290 foeliciter

195 1335 317 1409 regnat
340 1335 375 1391 et
396 1326 644 1408 perpetualiter
665 1325 763 1389 diues
792 1332 855 1389 ost.
908 1325 1034 1407 Itaque
1061 1326 1250 1389 deliberari

195 1428 245 1491 ire
270 1427 314 1491 ad
339 1426 460 1489 limina
485 1425 682 1489 sublimium
701 1424 935 1506 apostolorum
961 1424 1058 1489 Petri
1080 1433 1115 1490 et
1133 1424 1249 1502 Pauli,

196 1535 232 1591 ct
256 1527 304 1590 ibi
330 1526 467 1607 gracias
491 1543 594 1605 agere
612 1544 676 1606 pro
693 1525 829 1588 collatis
844 1523 1032 1602 beneficiis,
1052 1531 1088 1588 et
1102 1544 1249 1589 exorare

195 1633 235 1690 ut
252 1645 328 1690 eam
352 1644 473 1708 pacem
495 1624 648 1686 firmaret
666 1627 752 1689 deus
773 1631 977 1706 perpetuam
997 1623 1081 1687 mihi
1103 1632 1138 1688 et
1153 1631 1251 1707 post-

195 1725 262 1788 eris
290 1725 387 1787 meis.
440 1722 655 1804 Praeparaui
679 1742 763 1803 ergo
787 1729 822 1786 ct
844 1724 1060 1788 dinumeraui
1077 1743 1250 1806 expensas

196 1824 409 1888 necessarias
431 1822 547 1886 itineri
577 1830 612 1885 et
635 1821 850 1886 honorabilia
883 1822 974 1887 dona
1007 1842 1097 1906 quae
1125 1823 1250 1887 ferrern

196 1924 327 1988 sanctis
355 1921 544 2004 apostolis;
584 1921 644 1983 sed
674 1920 792 2001 grauis
821 1941 926 2003 super
953 1921 1018 1985 hac
1046 1943 1083 1986 re
1114 1943 1250 1987 moeror

196 2023 345 2087 habebat
372 2021 557 2104 optimates
592 2039 699 2096 moos,
730 2027 850 2101 utpote
884 2041 1053 2085 memores
1080 2021 1249 2085 malorum

197 2141 287 2204 quae
312 2121 376 2184 sub
404 2120 480 2183 aliis
505 2120 645 2202 regibus
666 2119 890 2202 pertulerant,
913 2140 956 2183 ne
983 2127 1082 2184 tanto
1110 2120 1250 2186 domino

197 2229 233 2285 et
258 2221 316 2302 pio
337 2227 436 2302 patre
468 2238 549 2300 rege
575 2220 727 2297 absente,
756 2238 900 2300 regnum
927 2220 1064 2283 nouiter
1092 2220 1249 2283 sedatum

198 2321 316 2402 aliqua
335 2319 533 2384 turbaretur
556 2317 759 2394 hostilitate,
775 2325 810 2381 et
831 2325 1023 2383 metuentes
1045 2319 1079 2382 id
1099 2319 1191 2401 quod
1215 2328 1251 2383 et

198 2426 339 2482 sanctus
356 2417 533 2493 Ezechias,
559 2436 602 2480 ne
630 2416 660 2479 si
688 2416 777 2480 forte
802 2417 838 2479 in
864 2418 923 2481 uia
952 2425 1014 2481 aut
1035 2418 1251 2500 aegritudine

198 2525 259 2582 aut
289 2517 358 2580 alio
383 2516 600 2580 incommodo
627 2515 807 2580 deficerem
839 2516 1075 2581 haereditariis
1108 2519 1249 2599 regibus

197 2624 354 2681 carerent
378 2616 529 2679 maxime
546 2615 638 2696 quod
661 2615 793 2678 nullum
814 2615 982 2680 habebam
1004 2616 1123 2680 filium.
1176 2617 1251 2681 Ita-

195 2736 264 2798 que
286 2714 458 2779 communi
480 2714 598 2777 habito
620 2714 777 2790 consilio,
793 2717 963 2796 rogabant
983 2736 1038 2779 me
1061 2723 1100 2779 ut
1120 2717 1164 2779 ab
1185 2716 1251 2779 hac

197 2816 388 2879 intentione
413 2813 623 2889 desisterem,
641 2813 843 2894 pollicentes
865 2835 903 2878 se
927 2815 1166 2879 satisfacturos
1186 2815 1251 2879 deo

198 2935 261 2996 pro
293 2919 377 2978 uoto
402 2931 480 2976 meo
505 2919 576 2975 tam
606 2912 641 2974 in
667 2913 848 2976 missarum
875 2922 911 2978 et
935 2915 1131 2979 orationum
1157 2916 1252 2979 obla-

199 3015 291 3078 tione
329 3031 433 3094 quam
476 3012 512 3074 in
551 3011 813 3075 elemosinarum
852 3014 951 3094 larga
1000 3014 1251 3078 distributione.

198 3112 266 3177 Sed
291 3131 368 3176 cum
394 3110 520 3174 obnixe
546 3111 814 3174 contradicerem
840 3113 979 3177 tandem
1000 3113 1154 3195 utrisque
1179 3115 1252 3196 pla-

197 3213 271 3276 cuit
301 3218 340 3274 ut
376 3211 593 3274 mitterentur
629 3209 737 3291 legati
773 3211 842 3275 duo
879 3214 923 3276 ab
963 3220 1110 3294 utraque
1152 3222 1252 3296 parte

200 3310 390 3375 Ealdredus
410 3317 446 3372 et
464 3308 707 3373 Heremannus
725 3310 889 3393 episcopi,
901 3319 936 3376 et
952 3312 1095 3375 abbates
1106 3310 1252 3376 Wulfri·

200 3430 261 3475 cus
283 3418 318 3473 et
330 3407 525 3483 AElfwinus,
542 3408 601 3490 qui
625 3408 817 3489 apostolico
840 3429 950 3473 meam
977 3410 1193 3474 uoluntatem
1217 3420 1253 3475 et

199 3518 318 3575 uotum
342 3515 377 3571 et
393 3507 528 3570 illorum
553 3507 753 3588 petitionem
782 3508 984 3587 indicarent,
1007 3517 1044 3573 et
1064 3511 1251 3574 secundum

200 3609 274 3673 eius
312 3606 517 3670 sententiam
556 3624 659 3687 quam
693 3606 778 3670 mihi
808 3609 989 3674 mandaret
1020 3609 1164 3690 promisi
1196 3630 1252 3674 me

201 3707 341 3773 omnino
366 3705 548 3769 iacturum.
618 3705 764 3769 Factum
787 3715 840 3771 est
860 3728 943 3790 ergo
965 3708 1056 3790 quod
1078 3708 1252 3773 uoluimus

202 3815 237 3872 et
258 3806 434 3870 uenientes
457 3803 604 3866 Romam
632 3803 739 3884 legati
762 3809 883 3883 nostri,
905 3827 950 3871 ex
977 3807 1158 3872 uoluntate
1184 3809 1252 3886 dei,

202 3909 406 3972 inuenerunt
426 3902 604 3967 collectam
622 3905 792 3984 synodum
809 3907 845 3968 in
863 3907 981 3970 eadem
998 3907 1094 3970 urbe.
1147 3906 1253 3971 Cum-

206 4025 271 4090 que
294 4002 534 4087 exposuissent
564 4019 675 4064 meam
704 4003 920 4069 uoluntatem
949 4015 984 4071 et
1013 4024 1112 4069 suam
1136 4008 1255 4088 petiti-

208 4125 304 4173 onem
319 4118 432 4169 coram
452 4117 551 4165 con.
568 4101 738 4184 episcopis
755 4111 790 4168 et
806 4104 876 4167 alia
896 4105 1116 4169 multitudine
1135 4114 1253 4171 sanct·
