2902 4890
191 371 258 435 210
449 387 621 435 GHARTAE
648 386 989 436 ANGLOSAXONIOAE.

193 563 322 619 socam,
347 542 395 606 tol
419 552 454 607 et
477 552 580 621 team,
598 551 633 607 et
658 543 909 624 infangenebef,
934 541 1079 608 fihtwite'
1100 552 1135 607 et
1159 544 1244 608 ferd-

193 644 286 719 wite,
303 643 470 721 forestall,
485 652 519 708 et
534 643 734 722 hamsokne,
748 642 951 725 gridbriche,
965 652 1000 707 et
1017 643 1244 726 schipbriche,

195 751 231 807 et
248 764 285 806 se
304 762 460 826 upwarp‚
478 745 512 807 in
535 746 693 808 omnibus
721 745 822 807 rebus
852 745 944 826 apud
968 745 1185 808 Bramcestre
1210 752 1247 808 et

194 844 286 926 apud
301 841 496 925 Kingstede
514 846 565 907 ita
585 846 670 908 bene
693 852 728 907 et
745 846 850 908 libere
867 844 1047 926 sicutipse
1063 864 1105 908 ea
1122 843 1245 908 melius

195 951 230 1006 et
254 943 393 1007 liberius
415 944 525 1007 habeo
551 944 586 1006 in
606 944 721 1008 littore
746 945 880 1007 marino
902 944 1029 1007 alicubi
1049 944 1085 1006 in
1102 942 1246 1025 Angiia,

194 1062 381 1126 omnesque
404 1043 625 1107 rectitudines
654 1051 688 1107 et
714 1043 791 1107 iura
819 1063 908 1126 quae
933 1045 982 1106 ibi
1003 1064 1069 1126 ego
1091 1043 1165 1126 ipse
1184 1065 1247 1107 uu-

194 1162 297 1224 quam
336 1143 463 1217 habui3
504 1144 584 1207 uolo
623 1144 727 1207 etiam
761 1150 801 1207 ut
832 1163 914 1207 soca
948 1163 1038 1226 quae
1070 1150 1124 1207 est
1155 1143 1246 1208 infra

195 1243 419 1306 Bichamdich
443 1244 477 1306 in
504 1245 661 1306 omnibus
686 1244 730 1307 ad
752 1252 910 1307 sanctum
928 1243 1151 1307 Benedictum
1171 1244 1245 1307 Ra-

195 1343 396 1406 mesiensem
421 1343 593 1426 pertineat
616 1344 666 1406 ita
692 1344 793 1425 plene
820 1351 855 1407 et
876 1344 1026 1425 perfecte
1052 1343 1144 1407 sicut>
1169 1364 1247 1408 eam

193 1442 268 1524 ipse
291 1443 407 1519 habui,
426 1451 461 1507 et
483 1463 600 1506 omnes
618 1443 840 1508 rectitudines
865 1462 952 1525 quas
975 1463 1037 1507 rex
1060 1443 1107 1507 ibi
1130 1451 1247 1526 potest

71 1577 76 1580 -
194 1542 339 1617 habere;
365 1541 444 1606 uolo
471 1549 649 1625 praeterea
678 1551 718 1607 ut
744 1550 866 1607 sancta
895 1543 1010 1606 Maria
1039 1549 1085 1607 et¹
1104 1551 1247 1609 sanctus

194 1642 403 1706 Benedictus
443 1651 478 1707 et
512 1644 620 1706 abbas
651 1650 685 1706 et
716 1643 841 1707 fratres
875 1642 1061 1707 Remesiac
1096 1642 1248 1709 habeant

194 1762 310 1806 socam
327 1743 363 1804 in
380 1743 538 1806 omnibus
556 1762 659 1825 super
675 1763 792 1806 omnes
809 1743 964 1807 homiues
982 1743 1041 1825 qui
1058 1751 1140 1826 sunt
1156 1752 1247 1809 mot·

194 1843 294 1920 urbi,
311 1832 484 1920 ferdwr’di,
500 1849 535 1907 et
547 1842 704 1906 faldwr'di
719 1844 753 1905 in
769 1843 829 1906 illo
846 1843 1024 1906 hundredo
1041 1852 1076 1907 et
1092 1843 1245 1922 dimidio,

196 1943 432 2025 cuiuscunque
454 1941 609 2006 homines
633 1944 712 2007 sint.
765 1942 926 2007 Concedo
949 1943 999 2006 eis
1025 1943 1130 2006 etiam
1156 1964 1246 2008 mer-

196 2048 313 2106 catum
329 2042 372 2105 de
388 2042 552 2106 Dunham
576 2061 637 2125 per
657 2062 782 2126 aquam
810 2050 845 2106 et
872 2050 1010 2121 terram,
1033 2063 1111 2106 cum
1126 2042 1247 2108 induc-

195 2143 289 2207 tione
326 2150 361 2207 et
394 2141 586 2221 eductione,
613 2149 648 2207 et
678 2163 755 2207 cum
789 2142 945 2207 omnibus
984 2143 1248 2208 rectitudinibus

196 2262 285 2325 quae
307 2243 352 2306 ad
373 2242 458 2305 iilud
482 2243 663 2325 pertinent,
683 2243 734 2307 ita
756 2243 842 2306 bene
865 2249 900 2306 et
920 2242 1027 2306 libere
1049 2243 1139 2307 sicut
1160 2243 1247 2308 illud

195 2344 270 2425 ipse
287 2360 437 2425 unquam
457 2342 579 2407 melius
599 2343 723 2422 habui3
745 2350 780 2406 et
796 2342 876 2406 nolo
892 2342 967 2424 pati
981 2351 1021 2407 ut
1037 2342 1162 2425 aliquis
1180 2344 1247 2408 hoc

195 2445 232 2507 in
255 2443 371 2524 aliquo
399 2442 591 2506 imminuat.
645 2442 688 2506 In
714 2444 806 2507 omni
834 2462 972 2525 quoque
997 2443 1163 2507 comitatu
1189 2445 1249 2508 ubi

196 2550 336 2607 sanctus
354 2542 562 2607 Benedictus
589 2542 693 2606 habet
720 2550 847 2606 terram
873 2542 1024 2606 concedo
1052 2543 1102 2606 eis
1131 2562 1247 2607 sacam

197 2652 232 2707 et
255 2662 371 2706 socam
399 2661 510 2719 suam,
538 2643 588 2706 tol
620 2650 655 2707 et
683 2649 787 2718 team,
813 2649 847 2706 et
874 2641 1127 2723 infangenebef,
1159 2643 1249 2708 infra

196 2745 343 2823 burgum
358 2741 414 2804 uel
430 2742 605 2806 ciuitatem
619 2748 654 2806 et
667 2748 779 2818 extra,
791 2742 918 2825 ubique
934 2742 970 2805 in
982 2750 1076 2808 terra
1092 2751 1128 2807 et
1144 2762 1250 2826 aqua,

197 2844 233 2906 in
262 2842 368 2904 bosco
398 2848 433 2904 et
458 2841 573 2922 plano,
600 2842 834 2924 cuiuscunque
866 2841 971 2907 suerit
999 2861 1093 2918 soca,
1122 2843 1250 2908 haheat

198 2948 339 3006 sanctus
363 2940 570 3004 Benedictus
596 2941 791 3005 libertatem
823 2961 922 3005 suam
949 2943 984 3006 in
1015 2942 1171 3006 omnibus
1197 2945 1249 3008 ita

198 3043 284 3106 bene
314 3046 348 3104 et
374 3040 473 3122 plene
502 3042 593 3105 sicut
624 3061 688 3123 ego
716 3042 791 3123 ipse
820 3041 947 3106 alicubi
970 3041 1080 3106 habeo
1107 3043 1144 3105 in
1173 3049 1249 3108 tota

200 3140 345 3223 Anglia3
368 3139 516 3204 habeant
532 3148 567 3206 et
587 3160 705 3205 omnes
720 3140 959 3205 forisfacturas
975 3161 1062 3224 quae
1075 3143 1249 3225 pertinent

200 3242 244 3307 ad
258 3242 387 3322 regiam
403 3260 563 3305 coronam
577 3261 687 3305 meam
698 3237 854 3306 in'natali
867 3241 1049 3320 dominico,
1059 3242 1095 3304 in
1108 3243 1250 3324 pascha,

200 3350 235 3407 et
251 3343 287 3406 in
310 3349 431 3405 sancta
454 3342 644 3405 ebdomada
664 3343 893 3422 rogationum,
916 3341 951 3404 in
973 3343 1129 3406 omnibus
1149 3345 1250 3407 rebus

200 3443 290 3506 sicut
307 3442 381 3522 ipse
398 3440 518 3516 habeo,
532 3448 566 3504 et
583 3462 644 3523 per
658 3448 766 3505 totam
785 3435 948 3523 Angliam
965 3441 1056 3505 infra
1073 3441 1250 3507 ciuitatem

201 3549 237 3606 et
253 3548 366 3616 extra,
384 3541 420 3602 in
444 3541 536 3604 omni
559 3540 633 3605 soro
656 3548 691 3604 et
707 3541 832 3604 annuis
854 3540 1015 3604 nundinis
1034 3542 1121 3605 etin
1143 3545 1253 3606 omni·

200 3644 265 3706 bus
281 3642 417 3704 omniuo
435 3640 519 3704 locis
536 3660 598 3722 per
608 3660 734 3724 aquam
752 3647 788 3706 et
804 3647 943 3719 terram,
960 3642 1005 3704 ab
1021 3642 1113 3705 omni
1131 3643 1252 3707 telonii

201 3741 382 3806 exactione
410 3740 508 3803 liberi
534 3741 614 3804 sint.
678 3741 849 3805 Prohibeo
875 3742 993 3823 itaque
1019 3742 1074 3805 dei
1101 3743 1253 3825 prohibi-

202 3843 294 3907 tione
331 3847 366 3903 et
393 3858 471 3902 mea
497 3859 540 3903 nc
572 3839 698 3922 aliquis
729 3840 816 3904 hane
850 3842 1106 3906 concessionem
1139 3862 1251 3906 meam

201 3947 311 4004 mutet
336 3946 397 4003 eut
416 3940 559 4005 minuat.
611 3939 646 4003 Si
665 3941 742 4022 quis
760 3960 844 4004 uero
865 3941 996 4023 aliquid
1021 3940 1143 4004 horum
1158 3962 1252 4026 quae

200 4043 235 4104 in
259 4041 324 4102 hoc
356 4040 485 4121 scripto
522 4039 741 4104 continentur
769 4048 938 4105 temerare
970 4044 1252 4124 praesumpserit·

200 4146 403 4221 segregatus
429 4139 474 4204 sit
498 4139 556 4202 ille
583 4147 604 4203 a
635 4141 774 4204 Christo
803 4147 838 4205 et
866 4142 909 4204 ab
936 4141 1028 4205 omni
1053 4149 1252 4206 sanctorum
