2902 4890
453 355 625 406 cnunrnn
648 356 989 405 suenosnxourcun.
1208 344 1251 410 61

193 516 258 593 lor,
292 516 452 581 hebetate
481 517 606 581 mentis
643 517 852 581 inuoluimur
880 535 984 581 caeca
1016 517 1175 599 caligine,
1209 515 1250 582 ut

195 615 275 680 odio
302 616 408 697 digna
436 617 597 699 amplecti
620 617 766 681 sollicite
787 616 986 681 studeamus
1009 624 1044 680 et
1064 637 1153 699 quae
1172 617 1251 682 dili·

196 716 309 798 genda
329 716 450 780 merito
467 717 580 780 forent
602 718 742 780 omuino
766 717 914 780 uitemus
932 726 967 780 et
986 723 1248 799 postponamus,

196 815 278 879 dum
303 815 526 898 relinquenda
553 817 681 897 iugiter
705 823 820 880 tenere
842 818 1128 898 concupiscimus
1147 824 1182 880 et
1205 817 1250 880 ad

196 916 463 998 perpetuitatem
480 916 640 980 coelestis
660 916 791 997 gloriae
812 916 857 978 ad
879 935 984 997 quam
1003 917 1120 979 diuina
1136 917 1251 981 admo·

197 1015 329 1079 nitione
356 1023 624 1097 sanctorumque
652 1023 790 1098 patrum
811 1015 932 1078 crebra
953 1016 1172 1080 institutione
1197 1017 1252 1079 in-

197 1116 350 1178 uitamur
379 1115 517 1192 cotidie,
545 1115 673 1178 nullius
706 1114 831 1178 affectu
864 1114 1023 1179 desiderii
1057 1117 1251 1197 satagimus

198 1215 370 1279 anhelare.
414 1214 457 1278 In
473 1216 570 1279 cuius
586 1216 635 1278 rei
652 1216 740 1278 serie
756 1216 786 1277 si
801 1215 879 1296 quis
895 1215 1046 1280 uoluerit
1062 1217 1253 1298 perspicaci

198 1314 379 1397 diligentia
407 1315 692 1392 animaduertere,
714 1315 966 1397 quamplurima
991 1314 1091 1379 nobis
1118 1335 1252 1398 compe·

199 1417 264 1479 riet
284 1415 431 1479 aduersa
461 1415 564 1497 digne
590 1416 781 1497 peruenire,
799 1414 881 1478 dum
905 1414 1030 1479 irretiti
1052 1415 1252 1480 transitoria

198 1533 326 1599 pompa
353 1515 549 1578 ambitionis
573 1515 767 1579 mundanae
784 1515 937 1579 salubria
957 1515 1151 1579 animarum
1175 1535 1256 1580 nos·

199 1622 331 1679 trarom
360 1614 511 1678 remedia
535 1622 571 1678 et
593 1615 778 1679 utilitatem
800 1616 1050 1698 praesumimus
1079 1616 1193 1679 uitare
1218 1625 1253 1682 et

199 1715 332 1796 sugere,
349 1714 630 1798 ponderosaeque
652 1716 766 1779 carnis
788 1716 942 1798 superati
965 1715 1052 1798 proh
1069 1715 1166 1779 nefas
1183 1715 1253 1779 fra-

199 1815 358 1897 gilitate;
386 1815 447 1879 sed
468 1815 569 1879 iuxta
587 1815 682 1879 uocis
701 1815 892 1879 dominicae
912 1815 1158 1890 testimonium,
1185 1815 1252 1881 ‘In

201 1935 270 1997 quo
292 1915 409 1978 ualeat
426 1915 589 1998 perficere
606 1915 731 1997 aliquis
752 1915 928 1978 hominum
945 1915 1098 1978 lucrator
1115 1915 1253 1979 uniuer-

191 2035 317 2079 sarum
338 2014 589 2078 mundanarum
612 2034 725 2079 rerum
749 2016 779 2078 si
805 2014 989 2096 contigerit
1010 2015 1146 2078 animae
1167 2034 1252 2079 suae

199 2116 272 2198 pati
311 2115 458 2179 mortale
496 2109 761 2179 detrimentum!
830 2113 1030 2192 Quinetiam
1073 2114 1253 2197 expediret

200 2214 304 2278 ualde
328 2215 486 2278 meditari
502 2215 630 2297 iugiter
648 2222 683 2278 et
705 2213 855 2278 recolere
873 2215 979 2277 uerba
1001 2212 1252 2278 exhortationis

199 2315 391 2378 dominicae
402 2315 525 2396 quibus
537 2315 823 2378 conscientiarum
835 2313 935 2378 testis
946 2315 1021 2397 ipse
1033 2321 1252 2378 conuertent-

200 2416 279 2479 ibus
295 2413 339 2478 ad
354 2433 431 2478 eum
449 2434 487 2478 se
504 2415 672 2497 permittit
689 2415 966 2496 appropinquare
984 2420 1020 2477 et
1035 2433 1104 2477 non
1121 2414 1253 2492 deesse,

201 2515 427 2579 interminans
445 2516 489 2577 ab
510 2534 552 2578 eo
573 2515 776 2595 elongantes
798 2514 840 2576 de
867 2521 959 2577 terra
984 2513 1177 2577 uiuentium
1198 2514 1256 2578 de·

201 2615 323 2679 leudos
344 2613 442 2693 sore3
466 2614 557 2696 quod
581 2615 611 2677 si
633 2614 681 2677 nil
703 2621 757 2678 est
774 2612 919 2690 dulcius,
939 2613 1131 2690 iocundius,
1148 2622 1254 2696 atque

202 2714 358 2779 foelicius
368 2733 472 2798 quam
483 2733 559 2777 cum
570 2713 688 2778 eodem
701 2714 838 2778 domino
849 2733 995 2795 regnare
1008 2713 1256 2797 perpetualiter

203 2816 240 2878 in
258 2813 475 2889 coelestibus,
489 2813 590 2878 facile
606 2835 625 2877 e
643 2814 815 2878 contrario
837 2812 979 2894 agnosci
995 2812 1098 2878 datur
1113 2833 1273 2897 prorsus

204 2913 253 2977 nil
285 2932 361 2977 esse
393 2911 576 2991 difficilius,
603 2914 760 2977 miserius
789 2922 894 2996 atque
926 2914 1118 2995 lugubrius,
1150 2934 1255 2997 quam

204 3033 282 3078 cum
299 3013 436 3077 diabolo
454 3014 683 3095 membrisque
698 3014 771 3077 eius
787 3013 965 3095 suppliciis
986 3014 1110 3078 addiici
1127 3015 1257 3096 gehen·

204 3113 353 3191 nalibus,
368 3113 466 3176 cuius
489 3114 683 3177 exactionis
710 3114 741 3176 si
767 3113 916 3194 effugere
940 3133 1104 3177 conamur
1120 3117 1256 3197 passio·

206 3235 297 3290 nem,
321 3232 365 3276 ne
397 3213 515 3295 pigeat
543 3213 750 3295 euangelicis
776 3214 891 3276 uerbis
920 3214 1044 3276 mentis
1071 3213 1255 3279 sollicitam

205 3313 367 3379 adhibere
384 3313 623 3390 intentionem,
645 3313 743 3377 cuius
765 3313 972 3394 instigamur
993 3311 1172 3377 salutifera
1197 3313 1258 3376 ad-

206 3414 408 3489 monitione,
433 3432 503 3477 non
526 3413 638 3477 solum
661 3414 750 3479 tales
774 3412 817 3476 de
841 3431 1038 3475 mammona
1061 3410 1256 3493 iniquitatis

206 3513 307 3578 nobis
322 3513 450 3576 amicos
462 3532 679 3595 praeparare,
692 3532 837 3594 quorum
853 3512 932 3576 fulti
950 3511 1071 3576 auxilii
1087 3511 1257 3577 leuamine

205 3613 434 3695 corporaliter
449 3612 528 3677 hinc
542 3612 739 3676 deficientes
756 3612 864 3694 recipi
884 3631 1074 3675 mereamur
1094 3611 1130 3674 in
1146 3619 1258 3676 aeter·

207 3732 288 3778 nam
303 3712 568 3788 beatitudinem
592 3712 653 3776 sed
671 3713 774 3776 etiam
790 3719 946 3777 sanctam
962 3711 1164 3775 aecclesiam
1179 3733 1260 3777 nos-

207 3821 339 3879 trarum
366 3812 570 3876 facultatum
588 3813 784 3894 quantitate
809 3811 931 3888 ditare,
949 3820 984 3875 ct
1000 3811 1108 3893 quieti
1121 3811 1261 3877 domino

206 3913 448 3978 famulantium
464 3911 549 3975 inibi
570 3911 761 3993 prouidere.
814 3911 851 3975 Si
872 3931 954 3974 uero
971 3911 1005 3974 id
1028 3913 1258 3978 necessarium

207 4014 282 4079 sore
309 4012 470 4076 credatur
499 4011 707 4076 christianae
735 4012 813 4075 fidei
841 4012 1054 4093 inpressione
1087 4010 1269 4094 insignitis.

208 4112 367 4184 omnibus
392 4132 456 4195 pro
482 4112 648 4177 facultate
677 4112 801 4176 uirium
826 4112 985 4176 deuotius
1012 4111 1174 4178 insudare
1202 4115 1260 4178 de·
