2902 4890
194 362 260 428 142
466 379 638 429 cuunrrn
661 381 1001 431 uuonosuxouroln.

196 535 303 601 Petro
319 537 355 600 iu
372 537 587 619 praedictum
605 538 718 602 locum
735 544 814 620 post
830 535 963 601 obitum
985 555 1086 600 snum
1108 536 1254 604 donauit

196 656 285 714 eam,
309 637 398 702 sicut
420 638 512 703 fideli
537 638 734 703 testimonio
759 637 858 701 uobis
881 637 1064 718 probatum
1087 643 1152 715 est,
1175 659 1254 720 per-

197 745 301 820 petuo
334 738 588 819 possidendam,
621 758 662 802 ea
690 737 823 802 scilicet
855 737 960 819 plena
988 736 1148 802 libertate
1180 759 1253 821 qua

195 837 273 919 ipsa
289 838 499 919 possidebat.
553 838 653 903 Haec
674 837 810 902 obiitin
824 837 882 901 uia
899 836 1144 920 lerosolymac,
1157 841 1252 921 quod

197 937 257 1001 ubi
274 937 451 1003 Leofricus
474 941 582 1003 abbas
602 938 644 1002 de
662 936 778 1002 Burch
799 937 974 1019 cognonit,
996 936 1039 1000 ad
1062 957 1125 1002 nos
1149 958 1253 1004 caus-

197 1056 254 1101 am
278 1057 377 1101 suam
404 1039 533 1116 retulit,
555 1048 590 1104 et
617 1058 679 1122 per
701 1039 843 1102 idoneos
869 1045 977 1102 testes
1001 1037 1128 1101 iustam
1156 1058 1251 1103 com·

197 1138 371 1221 probauit,
389 1147 613 1222 nostrumque
635 1158 813 1203 assensum
839 1136 918 1201 inde
939 1138 1140 1219 postulauit.
1200 1137 1252 1206 At

195 1238 317 1319 regina
341 1257 419 1302 mea
435 1238 578 1322 Eadgyil
601 1259 678 1303 cum
704 1246 831 1304 terram
860 1237 1086 1315 nendicasset,
1103 1239 1251 1305 dicendo

196 1338 289 1421 quod
307 1338 395 1403 hanc
410 1339 476 1403 sibi
492 1339 610 1403 eadem
628 1339 777 1403 foemina
796 1338 1017 1415 decreuisset,
1033 1338 1122 1403 idem
1141 1341 1250 1406 abbas

196 1457 258 1520 per
275 1458 330 1501 me
352 1445 387 1503 et
402 1440 575 1522 principes
591 1459 686 1503 meos
703 1440 842 1520 reginae
859 1438 983 1502 fratres
1001 1437 1196 1503 Haroldum
1214 1448 1251 1507 ct

196 1538 380 1602 Tostinum
405 1538 513 1621 ipsius
535 1540 726 1622 potentiam
749 1539 859 1615 flexit,
874 1539 1033 1620 datisque
1058 1540 1090 1603 ei
1110 1539 1147 1603 in
1167 1561 1249 1622 gra-

196 1638 281 1702 tiam
299 1658 371 1702 .xx.
385 1639 510 1703 marcis
527 1640 602 1703 auri
618 1646 654 1703 et
670 1635 881 1703 ornamentis
897 1638 1084 1703 aecclesiae
1099 1659 1189 1722 quac
1205 1642 1250 1706 ad

197 1738 285 1801 alias
304 1754 382 1802 .xx.
397 1758 530 1803 marcas
547 1739 800 1822 appodiantur,
814 1745 940 1802 terram
961 1740 1171 1804 monasterio
1185 1761 1250 1806 suo

197 1837 404 1902 liberrimam
439 1846 474 1903 et
502 1839 759 1922 integerrimam
789 1838 952 1903 restituit.
1014 1838 1118 1903 Hanc
1141 1839 1251 1922 igitur

197 1937 418 2003 donationem
435 1958 500 2020 ego
516 1959 579 2003 rex
595 1938 824 2003 Eaduuardus
847 1959 926 2002 cum
949 1938 1027 2021 ipsa
1048 1939 1181 2021 regina,
1199 1942 1250 2007 ita

196 2057 323 2116 annuo,
341 2039 492 2105 concedo
514 2047 550 2105 et
565 2039 741 2117 confirmo,
758 2038 921 2120 quatinus
939 2045 1014 2102 tota
1034 2039 1096 2103 illa
1113 2060 1250 2122 posses-

196 2139 248 2203 sio
275 2137 484 2204 Fiskertuna
509 2140 545 2204 in
571 2148 749 2205 aeternum
774 2138 821 2204 sit
849 2139 990 2222 propria
1016 2145 1052 2202 et
1078 2140 1251 2206 dominica

196 2239 307 2322 ipsius
329 2241 440 2304 sancti
457 2239 555 2305 Petri
568 2241 604 2304 in
622 2240 738 2304 Burch
755 2239 798 2303 ad
821 2258 905 2303 usus
927 2238 992 2303 sibi
1014 2239 1249 2319 seruientium,

196 2346 301 2423 atque
318 2339 369 2403 ita
391 2348 530 2405 maneat
548 2341 657 2405 libera
674 2340 709 2404 in
732 2340 845 2416 terris,
862 2339 974 2421 aquis,
992 2339 1102 2416 siluis,
1125 2341 1250 2422 pratis,

196 2440 348 2522 pascuis,
380 2441 582 2524 cunctisque
612 2442 715 2504 rebus
746 2447 781 2504 et
811 2439 952 2504 iustitiis
985 2440 1249 2522 pertinentibus,

196 2559 275 2603 cum
302 2560 383 2604 saca
408 2548 442 2605 et
466 2549 640 2616 sconart
666 2540 782 2604 nullus
807 2539 887 2603 inde
906 2538 1090 2622 quicquam
1111 2551 1250 2623 repetat

196 2647 333 2721 praeter
357 2641 446 2704 arcis
474 2648 509 2704 et
531 2639 761 2723 expeditionis
787 2639 989 2703 subsidium.
1051 2639 1147 2704 Hinc
1164 2662 1249 2725 ergo

196 2746 373 2804 contestor
398 2759 516 2803 omnes
544 2746 701 2823 posteros
722 2758 817 2803 meos
843 2759 943 2821 reges
971 2744 1007 2803 et
1031 2739 1161 2805 iudices
1185 2762 1248 2825 per

195 2839 370 2904 dominum
396 2840 547 2903 omnium
570 2839 729 2916 iudicem,
751 2838 903 2903 iustitiae
926 2847 1114 2904 amatorem
1136 2849 1171 2906 et
1195 2855 1249 2908 to-

195 2940 265 3004 tius
282 2937 473 3003 iniustitiae
491 2940 671 3016 uindicem,
685 2959 728 3004 nc
746 2939 824 3023 quis
841 2958 992 3023 unquam
1011 2940 1138 3005 audeat
1156 2944 1250 3025 quic-

195 3059 298 3122 quam
328 3045 400 3101 tam
428 3059 471 3103 ex
504 3040 557 3104 his
587 3060 690 3123 quam
717 3040 759 3103 de
789 3039 881 3102 omni
909 3040 983 3103 iure
1010 3041 1121 3105 sancti
1150 3041 1248 3109 Petri

195 3138 374 3204 detrahere
396 3146 457 3204 aut
476 3139 675 3218 diminuere,
690 3140 773 3223 quia
790 3159 827 3203 re
844 3159 927 3203 uera
944 3139 1034 3204 sicut
1050 3140 1101 3204 illi
1124 3161 1247 3207 conse-

195 3246 349 3325 quuntur
374 3248 549 3304 aeternam
578 3241 686 3306 uitam
709 3241 768 3323 qui
792 3240 997 3305 aecclesiam
1023 3240 1078 3304 dei
1100 3243 1249 3325 amplifi-

196 3348 289 3418 cant,
312 3341 362 3405 ita
387 3340 457 3404 illis
472 3349 612 3406 manent
628 3342 837 3423 sempiterna
853 3348 1025 3405 tormenta
1040 3342 1100 3425 qni
1117 3361 1193 3407 eam
1210 3345 1247 3410 in

195 3441 314 3524 aliquo
339 3441 509 3522 spoliant;
547 3441 606 3524 qui
631 3449 747 3505 autem
769 3441 854 3505 haec
878 3440 1073 3518 uiolauerit,
1094 3445 1248 3510 omnium

194 3540 412 3605 sacerdotum
446 3553 481 3604 et
515 3542 748 3606 ministrorum
782 3541 837 3606 dei
869 3561 928 3606 ore
967 3542 1152 3607 anathema
1191 3547 1246 3612 sit.

194 3641 298 3707 Anno
315 3641 359 3704 ab
375 3641 612 3705 incarnatione
638 3640 767 3706 domini
785 3648 917 3708 .u.nx⁰.
933 3642 1170 3709 confirmatum
1195 3655 1249 3712 est

194 3742 259 3807 hoc
291 3746 535 3804 testamentum
564 3741 619 3806 cui
652 3749 759 3807 testes
794 3741 971 3825 conspicui
1003 3744 1248 3813 subscribendo

193 3847 415 3907 annotantur.

250 3943 289 4024 ›1‹
311 3941 387 4022 Ego
405 3941 634 4005 Eaduuardus
652 3961 715 4006 rex
727 3942 901 4006 constitui.
959 3943 1089 4026 ›14Ego
1099 3943 1248 4031 Eadgy'd

194 4043 315 4124 regina
346 4042 510 4106 concessi.
561 4034 616 4123 ’ᾧ
642 4042 719 4124 Ego
746 4041 935 4123 Stigandns
966 4042 1246 4130 archiepiscopus

194 4141 399 4207 collaudaui.
469 4144 508 4225 ›1‹
529 4142 605 4223 Ego
630 4142 822 4208 Ealdredus
850 4143 1130 4227 archiepiscopus
1157 4166 1248 4213 corn·
