2902 4890
192 361 257 427 120
448 378 620 426 onnrrnn
647 376 984 424 arenosrxomcar.

194 533 303 597 moria
320 539 425 615 atque
442 532 581 595 Petroci
599 532 821 596 ueneratione
832 532 1021 614 episcopali
1033 531 1120 595 solio
1135 531 1245 612 assig-

195 641 278 696 nata
294 632 417 707 fuerat,
440 632 551 713 ipsam
568 651 645 694 cum
663 631 822 695 omnibus
842 632 906 695 sibi
927 630 1163 694 adiacentibus
1187 649 1249 713 pa·

196 732 335 808 rocbiis,
351 730 464 806 terriS,
482 730 586 806 uillis,
601 731 736 811 opibus,
753 730 938 807 beneficiis,
948 737 1069 794 sancto
1085 729 1193 793 Petro
1211 730 1248 791 in

198 832 337 894 Exonia
362 831 504 894 ciuitate
525 830 637 905 trado,
661 828 803 905 scilicet,
825 837 864 893 ut
887 848 959 893 una
979 830 1025 893 sit
1048 828 1145 892 sedes
1173 829 1248 909 epi-

198 930 347 1011 scopalis
376 947 551 1010 unumque
585 928 796 1010 pontificium
826 935 862 992 et
889 947 959 991 una
992 929 1251 992 aecclesiastica

197 1028 319 1109 regula
347 1034 489 1110 propter
515 1028 725 1110 paucitatem
752 1035 856 1108 atque
882 1027 1157 1091 deuastationem
1185 1028 1249 1090 bo·

198 1147 320 1191 norum
340 1135 376 1190 et
396 1127 602 1209 populorum
624 1127 785 1207 quoniam
807 1127 954 1211 pyratici
978 1125 1249 1190 cornubiensem

198 1245 240 1290 ac
251 1225 535 1308 Cryditoneusem
551 1225 737 1289 aecclesias
747 1224 930 1288 deuastare
944 1232 1117 1307 poterant,
1132 1244 1174 1288 ac
1189 1245 1253 1307 per

199 1325 264 1388 boc
280 1325 316 1388 in
332 1325 473 1388 ciuitate
489 1325 646 1389 Exoniae
666 1324 825 1388 tutiorem
841 1325 1064 1389 munitionem
1082 1325 1252 1388 aduersus

200 1424 317 1489 hostes
339 1423 464 1487 babere
488 1425 601 1488 uisum
620 1430 674 1487 est
697 1430 732 1486 et
753 1423 830 1486 ideo
854 1424 902 1486 ibi
920 1424 1035 1488 sedem
1059 1443 1134 1486 esse
1156 1423 1251 1488 uolo.

202 1523 283 1587 Hoc
304 1530 357 1587 est
380 1531 421 1586 ut
445 1522 619 1587 Cornubia
639 1541 716 1585 cum
741 1523 812 1585 suis
832 1523 1007 1586 aecclesiis
1032 1530 1067 1586 et
1093 1523 1253 1587 Deuonia

203 1643 281 1687 cum
297 1623 369 1685 suis
388 1623 491 1685 simul
511 1623 548 1685 in
565 1641 634 1684 uno
657 1622 859 1704 episcopatu
881 1623 950 1685 sint
970 1630 1005 1685 et
1025 1622 1068 1698 ab
1090 1642 1159 1685 uno
1179 1623 1253 1704 epi·

201 1741 307 1804 scopo
333 1728 507 1802 regantur.
572 1719 697 1803 Itaque
725 1720 790 1784 hoc
818 1721 1036 1802 priuilegium
1064 1741 1129 1801 ego
1160 1722 1251 1785 Ead-

201 1822 338 1885 wardus
356 1839 419 1883 rex
437 1839 542 1883 manu
558 1837 634 1883 mea
649 1839 752 1901 super
768 1820 878 1884 altare
901 1822 1013 1885 saneti
1034 1820 1130 1883 Petri
1156 1840 1251 1902 pono

203 1927 237 1984 et
249 1919 441 2002 praesulem
452 1918 646 1983 Leosricum
657 1938 719 2000 per
730 1920 910 1983 dexterum
920 1918 1097 1983 brachium
1110 1920 1251 1997 ducens,

203 2039 349 2101 meaque
380 2020 499 2101 regina
530 2018 700 2102 Eadgyita
732 2038 793 2100 per
820 2019 1009 2095 sinistrum,
1028 2018 1064 2081 in
1088 2019 1255 2083 cathedra

204 2119 392 2201 episcopali
414 2119 566 2182 consisto
585 2118 823 2201 praesentibus
843 2118 927 2181 meis
946 2117 1090 2181 ducibus
1113 2127 1149 2182 et
1169 2138 1254 2182 con·

203 2218 414 2300 sanguineis,
431 2218 601 2282 nobilibus
621 2237 753 2281 necnon
777 2217 977 2299 capellanis,
998 2223 1034 2281 et
1053 2216 1256 2281 affirmanti-

203 2320 268 2382 bus
286 2318 574 2399 laudantibusque
590 2317 855 2398 archiepiscopis
867 2316 1031 2393 Eadsino,
1048 2324 1083 2381 et
1095 2318 1254 2395 AElfrico,

205 2437 283 2481 cum
295 2417 439 2480 caeteris
455 2416 532 2479 aliis
545 2435 690 2498 quorum
708 2416 847 2479 nomina
864 2416 1105 2479 describuntur
1114 2418 1150 2479 in
1162 2425 1256 2481 meta

205 2516 306 2579 huius
327 2516 507 2579 cautionis.
562 2514 745 2578 Enimuero
767 2516 798 2579 si
823 2517 900 2598 quis
920 2515 984 2579 boc
1009 2522 1254 2579 testamentum

205 2615 378 2697 priuilegii
394 2613 561 2678 affirmare
579 2620 658 2696 post
675 2634 787 2677 meum
803 2616 897 2678 uitae
914 2616 1099 2680 transitum
1115 2622 1150 2678 et
1166 2616 1258 2679 bona

208 2713 395 2779 aecclesiae
431 2733 558 2794 augere
592 2713 719 2777 tuendo
747 2714 905 2791 uoluerit,
944 2715 1116 2795 adaugeat
1150 2715 1257 2778 omni-

207 2820 329 2895 potens
343 2812 427 2875 deus
444 2813 516 2876 dies
534 2813 628 2876 uitae
644 2812 729 2889 eius,
739 2821 844 2895 atque
861 2814 1022 2895 centuplo
1035 2813 1150 2877 fructu
1165 2834 1257 2879 nouo

208 2912 339 2975 decimo
357 2919 498 2975 coronet
515 2931 592 2975 eum
615 2920 755 2976 aeterno
772 2913 924 2994 praemio
941 2913 977 2975 in
995 2913 1122 2994 gaudio
1140 2913 1258 2977 aethe-

209 3031 279 3078 reo.
332 3009 369 3073 Si
389 3019 517 3087 autem,
535 3011 626 3091 quod
645 3012 747 3088 absit,
766 3013 891 3094 aliquis
906 3011 1110 3094 compilator
1126 3012 1257 3075 fraudis

209 3111 265 3175 uel
294 3110 482 3182 cauillator
504 3110 649 3173 fautoris
677 3130 788 3175 naeuo
812 3111 978 3174 t'omitatis
1000 3111 1137 3192 iniquae
1160 3112 1258 3193 cupi·

209 3210 299 3272 dinis
330 3209 419 3274 banc
453 3210 646 3274 cautionem
675 3230 736 3274 seu
766 3211 940 3274 decretum
972 3211 1073 3274 huius
1106 3212 1260 3294 episcopi

209 3309 394 3374 destituere
408 3318 469 3375 aut
478 3317 673 3393 permutare
691 3311 963 3392 contempnendo
978 3312 1259 3391 praesumpserit,

210 3411 267 3474 uel
284 3409 435 3473 eiusdem
453 3411 606 3472 minuere
623 3417 658 3472 et
674 3409 874 3473 subtrahere
888 3409 1115 3473 substantiam
1135 3416 1260 3492 tempt-

210 3510 334 3584 auerit,
352 3510 500 3572 aeternis
523 3510 737 3589 mancipatus
757 3509 900 3573 babonis
917 3528 995 3573 cum
1011 3508 1148 3572 diabolo
1168 3511 1260 3574 eius·

212 3628 279 3691 que
294 3607 459 3671 ministris
477 3608 523 3670 sit
540 3615 720 3689 separatus
738 3627 760 3670 a
777 3607 915 3672 Christo
932 3610 1108 3691 ipsiusque
1128 3610 1260 3673 sanctis

212 3707 505 3787 dissegregatione
530 3714 717 3788 perpetuae
749 3708 979 3771 anathematis
1013 3708 1085 3771 fiat.
1156 3706 1262 3772 Anno

213 3808 320 3888 igitur
341 3806 588 3869 incarnationis
608 3805 797 3870 dominicae
811 3811 931 3871 .M.1,‘¹¹⁰.
947 3808 1133 3870 indictione
1145 3809 1260 3885 tertia,

214 3914 425 3988 epactaeque
460 3920 561 3969 .xxv.
593 3913 629 3967 et
658 3914 897 3969 concurrentes
918 3923 990 3969 .vrr.
1022 3907 1107 3969 haec
1144 3909 1261 3972 cautio

217 4006 346 4086 scripta
371 4013 424 4069 est
450 4003 619 4068 edictione
645 4005 756 4068 solida
782 4004 999 4070 kareoterata
1029 4005 1264 4071 kareoteribus

216 4105 356 4167 testium
377 4105 515 4169 iubente
542 4104 696 4188 piissimo
725 4125 806 4186 rege
840 4104 1031 4188 Auglorum
1065 4106 1261 4172 Eadwardo
