2902 4890
247 365 312 437 182
514 379 687 431 cataras
713 379 1056 428 ancuosaxomcnn.

251 539 361 604 multa
378 537 562 622 priuilegia
580 538 697 619 regiae
723 537 907 619 potestatis
929 543 965 600 et
988 535 1199 618 apostolicae
1225 555 1309 600 auc-

252 639 403 705 toritatis
429 645 491 722 per
519 640 657 705 beatum
677 638 833 702 'Leonem
857 656 985 719 papam
1010 638 1046 701 in
1070 656 1112 701 ea
1139 637 1310 702 constitu-

253 743 366 816 issem,
384 740 546 804 defuncto
563 740 640 821 ipso
659 737 776 802 Leone
794 744 829 801 et
846 737 1048 803 confirmato
1069 738 1105 801 in
1132 738 1206 801 eius
1231 737 1309 801 loco

255 840 441 917 Nicholao,
456 839 589 923 placuit
602 838 684 901 mihi
700 857 879 916 renouare,
891 837 1083 916 meliorare,
1097 844 1132 901 et
1147 837 1311 901 confirm-

255 960 314 1004 are
337 940 601 1004 consuetudines
624 946 660 1002 et
679 938 881 1002 donationes
902 939 1124 1021 pecuniarum
1142 957 1229 1020 quas
1252 956 1312 1000 an-

256 1048 445 1105 tecessores
462 1040 529 1103 mei
547 1057 646 1119 reges
663 1045 783 1102 sancto
801 1037 908 1103 Petro
924 1037 1148 1102 instituerant
1168 1045 1311 1120 propter

256 1160 424 1205 summam
453 1139 672 1204 deuotionem
699 1157 802 1221 quam
825 1138 945 1203 habuit
967 1157 1103 1220 semper
1117 1136 1312 1220 Anglorum

257 1260 341 1323 gens
366 1249 451 1321 'erga
478 1259 556 1303 eum
579 1245 614 1302 et
636 1237 710 1302 eius
732 1237 892 1303 uicarios
945 1238 1071 1320 Itaque
1090 1238 1233 1322 propter
1247 1236 1313 1301 hoc

260 1340 436 1422 negotium
465 1347 500 1404 et
530 1338 599 1403 alia
627 1338 835 1420 quamplura
872 1338 1008 1419 legatos
1040 1339 1117 1402 misi
1152 1338 1313 1414 Romam,

261 1441 460 1522 episcopum
488 1458 593 1502 unum
610 1438 819 1502 Ealdredum
845 1446 880 1503 et
900 1439 987 1502 duos
1005 1438 1135 1513 electos
1157 1439 1201 1502 ad
1223 1439 1314 1502 ordi-

262 1540 395 1607 nandos
423 1540 603 1621 episcopos
623 1538 822 1622 Ghysonem
845 1539 976 1603 scilicet
999 1546 1033 1603 et
1050 1538 1257 1615 Walterum,
1275 1545 1315 1601 ut

261 1661 283 1705 a
312 1640 451 1705 domino
478 1658 570 1721 papa
595 1646 824 1703 sacrarentur.
879 1638 1067 1703 Uenientes
1097 1647 1213 1702 autem
1241 1639 1315 1702 Ro·

261 1753 352 1804 mam
396 1740 439 1803 ab
476 1739 667 1822 apostolico
702 1738 873 1804 Nicholao
906 1739 1037 1803 honore
1074 1758 1143 1821 quo
1172 1739 1316 1803 decebat

262 1847 344 1905 sunt
360 1841 525 1921 suscepti,
537 1840 742 1903 inuenerunt
758 1840 806 1903 ibi
824 1840 867 1902 ad
885 1839 1054 1922 synodum
1069 1845 1315 1920 congregatam

262 1940 516 2005 multitudinem
544 1959 706 2021 magnam
729 1940 981 2022 episcoporum,
1008 1940 1185 2017 abbatum,
1218 1958 1316 2002 mon·

265 2039 664 2117 achorum,clericorum,
676 2047 957 2123 caeterorumque
974 2040 1146 2114 fidelium
1170 2059 1318 2120 cumque

267 2142 429 2207 audiente
456 2140 587 2224 synodo
613 2159 697 2204 suae
726 2140 910 2222 legationis
935 2159 1075 2204 causam
1101 2146 1314 2222 perorarent,

266 2243 370 2307 huius
401 2258 569 2304 summam
596 2241 765 2324 epistolae
796 2240 934 2304 domino
961 2259 1072 2322 papae
1105 2240 1316 2306 obtulerunt.

266 2343 436 2406 ‘Summo
464 2340 671 2405 uniuersalis
700 2340 887 2405 aecclesiae
911 2342 1001 2424 patri
1020 2341 1055 2405 N
1058 2340 1203 2417 icholao,
1229 2339 1319 2404 Ead-

266 2443 404 2506 wardus
432 2441 547 2522 gratia
575 2440 629 2504 dei
655 2439 847 2522 Anglorum
872 2462 935 2505 rex
957 2442 1108 2505 debitam
1137 2441 1320 2505 subiectio·

267 2563 344 2606 nem
370 2549 405 2605 et
433 2541 664 2605 omnimodum
695 2542 884 2605 seruitium.
950 2540 1193 2607 Glorificamus
1215 2541 1317 2604 deum

266 2642 349 2724 quia
370 2660 488 2705 curam
509 2641 614 2705 habet
633 2660 716 2705 suae
738 2641 868 2706 electae
885 2642 1072 2707 aecclesiae
1098 2641 1261 2724 quoniam
1284 2642 1319 2704 in

267 2743 344 2806 loco
355 2741 436 2804 boni
450 2739 723 2822 praedecessoris
738 2760 801 2804 uos
813 2743 981 2824 optimum
995 2761 1226 2806 successorem
1237 2761 1319 2805 con·

268 2840 395 2917 stituit,
416 2853 628 2921 quapropter
650 2841 779 2904 iustum
800 2841 991 2906 iudicamus
1016 2842 1108 2925 apud
1136 2853 1199 2906 uos
1221 2842 1319 2905 uelut

266 2940 311 3004 ad
340 2939 485 3003 solidam
514 2949 647 3021 petram
673 2960 796 3004 acuere
824 2950 859 3005 et
887 2944 1033 3025 probare
1060 2961 1178 3006 omnes
1209 2943 1320 3006 bonas

266 3040 473 3104 intentiones
496 3046 645 3117 nostras,
669 3048 704 3104 et
720 3049 873 3105 uestram
899 3043 1056 3106 notitiam
1080 3049 1186 3125 atque
1214 3043 1321 3106 socie-

270 3146 375 3204 tatem
407 3140 444 3202 in
476 3140 566 3204 bono
596 3138 732 3217 habere,
768 3143 931 3222 quatinus
961 3161 1020 3206 eas
1055 3142 1258 3207 donationes
1287 3149 1322 3205 et

270 3240 454 3323 priuilegia
472 3259 562 3321 quae
582 3242 793 3305 obtinuimus
814 3242 907 3324 apud
928 3242 1225 3325 praedecessorem
1244 3261 1322 3306 ues-

270 3347 362 3404 trum
388 3341 561 3404 renouetis
599 3347 634 3404 et
660 3342 795 3423 augetis
820 3343 932 3419 uobiS,
966 3342 1129 3407 uidelicet
1162 3349 1201 3406 ut
1228 3340 1321 3424 quod

267 3440 327 3504 ille
352 3440 505 3503 iniunxit
527 3440 626 3503 nobis
650 3443 714 3505 sub
741 3443 878 3505 nomine
905 3443 1118 3507 obedientiae
1141 3461 1183 3506 ao
1204 3442 1324 3524 poeni-

269 3541 404 3603 tenciae
421 3546 564 3622 propter
581 3547 699 3604 uotum
714 3541 806 3622 quod
824 3562 987 3606 uoueram
1004 3543 1054 3606 ire
1067 3542 1227 3618 Romam,
1237 3548 1272 3605 et
1288 3542 1324 3606 in

270 3639 504 3722 remissionem
527 3641 679 3703 omnium
704 3648 923 3721 peecatorum
943 3662 1096 3707 meorum
1124 3649 1324 3706 construere

270 3739 472 3804 coenobium
486 3739 729 3804 monachorum
743 3741 922 3806 inhonore
935 3741 1200 3824 apostoliPetri,
1209 3748 1324 3805 ratum

269 3839 417 3914 faciatis,
434 3845 468 3901 et
484 3839 668 3920 priuilegia
682 3842 935 3922 possessionum
956 3849 991 3906 et
1006 3842 1213 3924 dignitatum
1234 3841 1326 3906 eius-

270 3938 347 4001 dem
385 3938 451 4001 loci
484 3940 706 4016 confirmetis,
736 3942 921 4018 renouetis,
953 3948 1059 4024 atque
1091 3943 1259 4022 augeatis,
1291 3949 1327 4005 et

271 4037 521 4120 imperpetuum
566 4040 796 4103 immutabilia
836 4051 929 4106 stare
971 4042 1175 4106 decernatis.
1249 4039 1327 4124 Ego

270 4156 407 4219 quoque
437 4158 500 4219 pro
527 4140 666 4203 modulo
692 4160 767 4204 meo
796 4160 908 4221 augeo
938 4150 973 4205 et
999 4142 1164 4205 confirmo
1189 4142 1327 4206 donati-
