2902 4890
205 350 270 414 140
466 368 637 447 cnnnrnn
660 367 1002 418 Anonosnxorucnn.

204 543 296 588 mors
307 529 343 588 et
349 524 476 589 obliuio
489 524 605 589 delent
615 525 752 590 litterae
767 527 973 609 superstites
982 532 1256 610 repraesentent.

204 623 281 706 Ego
306 624 423 708 itaque
439 625 669 689 Eaduuardus
696 626 751 690 dei
776 627 1010 691 munificentia
1035 647 1098 691 rex
1116 625 1254 710 Anglo-

201 744 277 787 rum
299 725 472 788 sciendum
491 725 649 789 omnibus
671 726 849 808 pertendo,
866 728 958 810 quod
983 747 1080 792 meus
1103 727 1254 809 optimas

200 822 369 906 Askyllus
388 825 534 889 Romam
553 844 699 908 pergens
713 826 808 891 dedit
824 833 946 892 sancto
961 826 1067 892 Petro
1083 827 1119 891 in
1136 828 1254 891 Burch

200 931 327 988 terram
346 944 445 988 suam
462 925 643 990 Walecote
659 946 749 1010 quae
772 935 826 991 est
847 927 948 991 iuxta
975 927 1119 992 fluuium
1137 927 1254 991 Hum-

199 1024 294 1101 hrae,
321 1031 357 1088 et
381 1025 520 1106 rogauit
545 1045 600 1090 me
633 1033 705 1090 tam
731 1027 806 1109 ipse
832 1047 938 1110 quam
966 1029 1074 1091 abbas
1101 1027 1255 1092 eiusdem

198 1125 398 1189 monasterii
413 1125 604 1204 Leofricus‚
630 1131 670 1190 ut
685 1126 812 1209 regiam
836 1127 1030 1192 libertatem
1045 1127 1155 1210 ipsius
1171 1147 1257 1192 con·

198 1224 351 1289 cederem
382 1225 433 1290 illi
465 1234 585 1291 sancto
620 1227 716 1300 loco;
758 1233 794 1290 et
824 1246 889 1307 ego
921 1246 985 1309 pro
1017 1227 1255 1309 redemptione

199 1325 333 1388 animae
350 1344 446 1391 meae
462 1327 512 1390 ita
532 1325 695 1402 concedo,
712 1328 954 1410 praesentique
969 1327 1199 1409 descriptione
1216 1328 1253 1391 in

198 1433 372 1489 aeternum
397 1427 583 1504 constituo,
607 1425 771 1508 quatinus
798 1426 875 1508 ipsa
897 1433 989 1490 terra
1018 1427 1129 1492 sancti
1154 1426 1253 1492 Petri

197 1527 233 1590 in
250 1545 331 1589 usus
348 1526 571 1590 seruientium
596 1526 661 1589 sibi
684 1542 819 1608 semper
833 1527 879 1591 sit
893 1527 1011 1604 libera,
1026 1529 1117 1592 sicut
1132 1547 1252 1592 omnes

197 1626 285 1690 aliae
300 1645 389 1709 quae
404 1634 487 1690 sunt
502 1626 612 1708 ipsius
628 1625 835 1704 liberrimae,
851 1633 887 1690 et
900 1626 1005 1691 nichil
1022 1627 1100 1691 inde
1117 1628 1253 1712 requir-

196 1734 275 1790 atur
297 1728 341 1790 ab
364 1726 436 1790 ullo
459 1746 539 1807 rege
562 1734 698 1808 praeter
714 1725 852 1807 publica
875 1727 965 1803 iura,
983 1727 1048 1791 hoc
1071 1735 1124 1791 est
1146 1729 1250 1806 arcis,

196 1827 322 1909 pontis
344 1833 379 1890 et
399 1826 628 1908 expeditionis
658 1826 835 1908 obsequia.
888 1825 1107 1910 Quicumque
1133 1834 1250 1893 autem

196 1927 280 1990 haec
308 1926 446 1990 decreta
474 1931 592 1989 nostra
615 1925 810 2006 transgredi
827 1928 1108 2010 praesumpserit,
1128 1927 1193 1993 deo
1214 1937 1250 1994 et

196 2027 324 2091 sanctis
350 2027 423 2089 eius
454 2026 594 2109 regique
619 2044 682 2088 suo
707 2045 786 2088 reus
819 2025 999 2104 habeatur,
1023 2034 1059 2091 et
1085 2029 1115 2091 si
1145 2027 1250 2111 digne

196 2147 264 2191 uon
286 2126 520 2190 emendauerit
541 2126 578 2188 in
599 2123 769 2188 infernum
786 2125 982 2189 inferiorem
1004 2146 1082 2191 cum
1108 2126 1247 2193 diabolo

195 2246 330 2309 semper
359 2245 500 2289 arsurus
535 2225 759 2306 dimergatur.
828 2225 946 2290 Huius
979 2227 1179 2292 assertionis
1211 2227 1248 2293 hi

196 2333 301 2391 testes
318 2325 431 2389 idonei
448 2326 736 2406 comprobantur.

250 2429 288 2510 »14
304 2426 379 2508 Ego
391 2425 620 2489 Eaduuardus
636 2445 699 2488 rex
717 2424 910 2508 praefatam
927 2424 1148 2490 donationem
1164 2445 1246 2491 con-

194 2527 291 2593 cessi.
360 2527 398 2608 »14
432 2525 508 2606 Ego
538 2524 726 2606 Stigandus
760 2523 1021 2589 cantuariensis
1058 2525 1245 2591 aecclesiae

194 2626 470 2709 archiepiscopus
487 2625 702 2706 consignaui.
758 2627 796 2708 »14
819 2625 895 2707 Ego
915 2624 1095 2708 Kynsinus
1112 2625 1245 2691 Ebora·

194 2727 305 2793 censis
322 2724 600 2807 archiepiscopus
616 2723 815 2806 subscripsi.
873 2726 911 2807 »14
933 2724 1009 2806 Ego
1019 2724 1244 2791 Wulfuuinus

194 2825 441 2893 lincolniensis
464 2825 645 2906 episcopus
674 2825 903 2890 corroboraui.
970 2826 1008 2907 »14
1038 2825 1114 2906 Ego
1139 2826 1246 2890 Eald.

192 2930 293 2994 rodus
316 2924 566 3006 Uuigornensis
595 2924 777 3006 episcopus
808 2923 1019 2990 confirmaui.
1095 2926 1134 3007 »14
1166 2926 1243 3009 Ego

194 3027 370 3094 Haroldus
387 3044 501 3088 comes
519 3043 588 3086 non
611 3022 719 3088 renui.
787 3025 826 3106 »14
850 3024 926 3104 Ego
941 3024 1106 3088 Tostinus
1129 3044 1246 3091 comes

193 3126 363 3213 adquieui.
429 3126 468 3205 »14
488 3123 564 3204 Ego
581 3122 733 3186 Ascarus
765 3124 920 3187 minister
952 3125 1043 3206 regis
1073 3128 1243 3192 consensi.

197 3234 236 3315 »14
266 3229 341 3309 Ego
371 3223 605 3288 Marlesuuein
635 3223 836 3287 uicecomes.
906 3226 944 3305 »14
966 3224 1042 3304 Ego
1060 3224 1127 3289 Ulf
1150 3225 1243 3290 filius

192 3330 269 3398 Tofi
293 3326 453 3391 minister.
537 3325 575 3404 »14
599 3323 675 3405 Ego
704 3322 770 3387 Ulf
792 3323 835 3387 de
865 3322 1045 3387 [lincolnia
1072 3325 1242 3392 minister.

198 3435 237 3516 »14
257 3429 332 3509 Ego
350 3422 447 3488 Iauli
457 3421 656 3489 Maltesune
673 3423 838 3491 minister,
896 3424 934 3505 *1⁴
958 3423 1035 3506 Ego
1053 3424 1242 3493 AElfnotius

194 3530 354 3598 minister.

611 3736 831 3803 DCCCVII.

437 3885 733 3962 AEGELWINE‚
760 3883 987 3948 1051-1060.

245 4038 285 4120 »14
304 4028 387 4096 Hac
408 4021 600 4088 declaratur
614 4018 837 4101 inscriptione
856 4015 1090 4097 AEgelwinum
1113 4015 1236 4081 decan-

196 4160 254 4209 ·
267 4122 499 4218 wigornensis
515 4119 702 4185 aecclesiae
718 4118 928 4200 fratremque
942 4114 1036 4180 illius
1051 4115 1234 4183 Ordricum
