2902 4890
384 336 557 388 essarta
583 338 922 390 snemsnxonrcna.
1119 323 1184 389 125

122 494 277 559 bear-dus
289 494 473 579 episcopus
493 496 709 579 consignaui.
765 498 804 579 ›1‹
826 497 904 579 Ego
919 496 1181 561 AEttelweardus

123 596 236 659 abbas
265 594 429 659 stabiliui.
499 596 539 677 ᾧ
561 596 637 679 Ego
653 595 884 679 Sperhafocus
912 598 1019 660 abbas
1051 597 1179 678 quieui.

129 696 172 775 »Β
194 694 272 777 Ego
287 692 501 759 Wlfwardus
517 696 625 759 abbas
642 696 855 759 confirmari.
926 696 966 777 ᾧ
991 696 1066 777 Ego
1081 695 1182 760 God-

125 794 217 858 wine
242 794 328 857 dux.
399 795 438 876 ›1‹
461 794 538 876 Ego
563 793 699 858 Leofric
721 794 803 857 dux.
877 796 917 877 ᾧ
936 795 1012 876 Ego
1043 794 1180 859 Harold

123 892 211 955 (lux.
267 894 307 975 ᾧ
330 892 547 975 EgoSihrott
564 894 648 957 dux.
699 894 739 975 ᾧ
759 894 836 975 Ego
854 894 968 957 Raulf
979 893 1063 958 dux.
1135 897 1176 976 ›1‹

125 990 204 1073 Ego
218 990 319 1056 'Posti
336 991 501 1056 minister.
572 993 611 1074 ›1‹
632 993 709 1074 Ego
727 993 881 1056 AElfstan
897 993 1064 1057 minister.
1136 996 1176 1075 ›1‹

123 1090 204 1172 Ego
221 1089 367 1173 AEllwig
382 1090 612 1174 praepositus.
667 1095 707 1174 ›1‹
730 1092 806 1173 Ego
823 1091 998 1156 Leolwine
1016 1093 1179 1155 minister.

128 1190 170 1271 »1⁴
192 1190 270 1273 Ego
287 1188 462 1255 Rodhriht
486 1192 674 1273 presbyter.
746 1192 785 1273 ›1‹
809 1191 884 1272 Ego
902 1191 1071 1255 Godwine
1087 1211 1182 1273 pres-

122 1289 238 1373 byter.
288 1290 330 1373 ›1‹
348 1290 426 1371 Ego
443 1289 628 1371 Regnbold
646 1290 837 1372 presbyter.
898 1293 937 1371 ’1⁴
961 1290 1037 1371 Ego
1054 1290 1181 1372 Lyfing

123 1389 315 1473 presbyter.
407 1390 446 1471 ›1‹
477 1390 553 1471 Ego
576 1389 737 1453 Wilhelm
771 1389 961 1472 presbyter.
1034 1392 1073 1470 ›1‹
1105 1390 1181 1469 Ego

124 1486 280 1551 Brihtrie
310 1488 501 1570 presbyter.
574 1492 613 1570 nx<
634 1488 711 1570 Ego
730 1487 875 1568 Kinsige
903 1489 1070 1551 minister.
1135 1491 1174 1569 ›1‹

125 1587 203 1669 Ego
234 1586 378 1651 Uuihtsi
407 1587 573 1651 minister.
647 1588 687 1669 ᾧ
721 1587 797 1668 Ego
827 1587 979 1650 AE’eelrio
1012 1588 1177 1651 minister.

130 1687 169 1768 ›1‹
191 1686 271 1769 Ego
287 1686 440 1750 Nefetoti
456 1687 622 1750 minister.
684 1690 723 1768 ›1‹
747 1686 822 1767 Ego
841 1686 1045 1750 AElfuucard
1063 1688 1179 1750 minis-

125 1790 189 1851 ter.
248 1786 289 1869 ᾖ
311 1786 389 1867 Ego
406 1784 575 1853 Godwine
592 1785 811 1869 praepositus
829 1785 992 1850 ciuitatis.

592 2015 713 2026 —..-

541 2180 782 2248 occxcrv.

367 2306 944 2410 *sinuessanus-1051.

183 2480 224 2563 ›1‹
247 2478 325 2543 Eeo
338 2479 551 2544 Eadwardus
567 2481 679 2561 gratia
692 2481 747 2545 dei
760 2501 823 2544 rex
834 2479 1026 2561 Anglorum
1042 2479 1181 2544 domino

127 2577 290 2660 Wlfgato
322 2580 447 2642 abbate
474 2577 705 2662 croylandiae
734 2580 945 2662 postulante,
973 2579 1181 2661 dominoque

128 2677 290 2743 Gerardo
310 2678 425 2760 priore
449 2678 533 2742 dicti
563 2679 764 2743 monasterii
797 2680 921 2742 deuote
953 2679 1180 2760 supplicante,

127 2784 340 2843 testamenta
362 2778 661 2860 praedecessorum
690 2798 842 2841 meorum
875 2798 993 2859 regum
1018 2776 1180 2860 Angliae,

128 2876 276 2953 scilicet,
293 2876 437 2958 piissimi
453 2877 545 2958 regis
565 2876 713 2940 Eadredi
731 2886 766 2941 et
785 2876 905 2959 inclyti
923 2878 1014 2958 regis
1029 2877 1180 2959 Eadgari

130 2976 190 3040 aui
205 2975 285 3052 mei,
301 2976 509 3040 monasterio
527 2973 757 3058 Croylandiae
776 2995 950 3052 concessa,
970 2977 1005 3039 in
1023 2978 1180 3040 omnibus

130 3074 249 3150 laudo,
268 3076 434 3157 approbo,
453 3081 489 3138 et
512 3074 685 3138 confirmo.
737 3075 918 3139 Dederunt
941 3075 1029 3137 enim
1054 3084 1088 3139 et
1109 3078 1181 3139 suis

129 3173 369 3256 chirographis
391 3174 638 3238 confirmarunt
659 3174 723 3238 deo
743 3183 778 3238 et
802 3182 924 3238 sancto
948 3172 1116 3250 Gublaco,
1140 3194 1180 3237 ac

129 3271 308 3338 monachis
337 3272 410 3336 suis
437 3279 545 3338 totam
570 3273 719 3337 insulam
750 3271 981 3354 Croylandiae
1009 3272 1046 3333 in
1075 3272 1179 3335 situm

130 3371 323 3455 separalem
359 3372 560 3437 monasterii
594 3372 763 3435 dictorum
800 3369 1056 3446 monachorum,
1091 3371 1181 3434 sicut

128 3472 222 3536 iacet
234 3468 327 3534 circa
340 3469 469 3534 dictum
485 3471 731 3535 monasterium
746 3467 912 3534 limitibus
927 3477 963 3533 et
979 3469 1133 3533 terminis
1145 3470 1179 3532 in

129 3568 385 3653 praedictorum
399 3589 520 3652 regum
532 3569 770 3653 chirographis
784 3570 870 3633 satis
882 3577 999 3652 aperte
1011 3569 1182 3650 descripta

130 3678 167 3735 et
182 3668 327 3733 definita
347 3688 426 3733 cum
448 3669 582 3732 dnobus
602 3669 757 3733 mariscis
782 3670 867 3745 eius,
892 3668 1034 3745 scilicet,
1055 3666 1179 3731 Alder-

129 3768 250 3845 lonso,
263 3775 299 3832 et
314 3765 568 3850 Goggislound,
586 3787 630 3831 ex
647 3769 806 3850 opposito
824 3768 975 3831 eiusdem
989 3766 1122 3830 insulae
1138 3766 1181 3829 ad

131 3869 206 3933 eius
225 3867 406 3931 occiduum
423 3868 629 3943 iacentibus,
646 3867 803 3930 similitor
819 3886 896 3930 cum
920 3865 1039 3928 iisdem
1056 3865 1180 3929 finibus

130 3974 166 4032 et
189 3967 292 4031 metis
318 3966 443 4049 quibus
466 3968 502 4030 in
526 3966 646 4030 iisdem
671 3965 907 4049 chirographis
932 3964 1179 4029 describuntur.

133 4066 233 4133 Haec
267 4074 303 4131 et
337 4066 452 4129 omnia
482 4067 551 4130 alia
585 4066 728 4129 donaria
762 4065 1015 4146 praedictorum
1049 4085 1180 4148 regum,
