2902 4890
194 383 260 447 270
453 399 625 447 cunnrnn
648 397 988 446 nucnosnxorucnn.

194 559 368 640 permitto,
398 567 437 623 ut
470 566 565 623 caste
598 578 636 621 se
666 564 845 621 conseruet
872 556 928 621 uel
960 557 1072 620 uirum
1098 553 1252 636 legitime

192 659 354 743 accipiat,
367 681 410 724 ne
426 661 503 743 ipsa
518 668 553 724 et
570 659 751 742 progenies
765 665 885 721 nostra
901 657 1078 740 lupanaris
1096 655 1249 736 contagii

195 768 336 824 notetur
360 761 512 825 infamia.
566 758 667 824 Haec
695 767 730 823 et
762 758 831 823 alia
854 778 918 840 ego
942 757 1067 822 ancilla
1089 765 1151 821 tua
1178 762 1250 820 tam

194 862 371 926 aecclesiis
388 881 492 945 quam
511 860 707 926 domesticis
722 860 858 924 domine
876 877 938 923 rex
955 866 1016 923 tuo
1033 859 1153 925 fauore
1170 864 1250 938 post

194 960 284 1024 diem
301 982 414 1025 meum
434 981 509 1026 csse
527 962 686 1044 dispono,
705 968 740 1024 et
757 969 834 1024 rata
849 961 886 1023 in
904 979 1028 1024 aeuum
1046 959 1249 1033 consistent,

193 1081 292 1125 nemo
309 1082 351 1126 ea
372 1069 574 1145 praeteris,
592 1063 684 1145 quod
703 1062 804 1138 absit,
822 1060 1004 1125 subtrahat
1026 1058 1083 1124 uel
1105 1059 1248 1122 minuat.

195 1162 241 1225 Et
263 1163 459 1246 quicunque
489 1163 582 1226 aliud
609 1183 653 1226 ex
680 1163 730 1227 eis
758 1162 905 1226 euellere
928 1159 1116 1224 tentauerit
1145 1158 1250 1222 malc-

193 1262 378 1327 dictionem
404 1264 531 1328 habeat
556 1264 685 1328 domini
708 1261 817 1326 nostri
835 1262 940 1326 Ihesu
959 1260 1087 1325 christi
1110 1266 1145 1324 et
1171 1279 1248 1323 cum

195 1362 284 1427 luda
302 1365 476 1447 proditore
502 1365 711 1429 auditionem
739 1363 865 1427 malam
894 1362 1025 1439 audiat,
1042 1366 1051 1395 ‘
1066 1361 1121 1424 Ite
1143 1359 1249 1423 male·

195 1463 279 1527 dicti
306 1465 342 1529 in
369 1466 482 1547 ignem
514 1473 690 1529 aeternum
719 1464 777 1546 qui
803 1470 946 1546 paratus
973 1469 1027 1526 est
1051 1459 1188 1525 diabolo
1214 1466 1250 1523 et

195 1564 328 1646 angelis
353 1567 450 1631 cius!
504 1565 604 1630 Haec
630 1566 761 1648 scripta
786 1564 968 1647 tripliciter
991 1563 1249 1643 consignantur,

195 1673 300 1728 unum
324 1673 378 1729 est
394 1665 486 1749 apud
505 1667 584 1749 Ely‚
600 1666 694 1731 aliud
713 1666 749 1729 in
766 1664 965 1730 thesaurum
990 1665 1093 1746 regis,
1108 1661 1247 1726 tertium

196 1765 359 1831 Leofleda
380 1760 505 1832 habet¹

539 2043 905 2130 nccccxx'xru.

603 2191 847 2281 undenos.

251 2361 289 2440 ›1‹
308 2359 395 2422 ΗΕΒ
413 2357 579 2423 swutelah
597 2378 642 2421 on
658 2357 748 2422 hisse
762 2358 893 2423 Cristes
911 2346 976 2420 bec
992 2347 1248 2421 haetLeofenoh
1335 2338 1338 2353 ³

197 2449 411 2542 AEgelnohes
428 2479 516 2523 sunu
540 2467 586 2523 aet
602 2450 806 2523 Heorstfiue
826 2457 922 2522 haefu
938 2457 1066 2539 geboht
1082 2457 1161 2520 hine
1179 2457 1249 2520 and

196 2561 248 2624 his
265 2560 421 2642 ofspring
438 2552 480 2624 sit
496 2567 542 2624 aet
558 2560 707 2642 AElssigc
726 2559 838 2623 abbod
856 2559 923 2622 and
942 2566 988 2622 aet
1002 2558 1115 2621 eallon
1132 2557 1248 2621 hirede

196 2682 240 2725 on
258 2662 380 2724 Baiton
404 2661 472 2723 mid
491 2651 543 2722 lif
565 2680 650 2724 oran
673 2659 739 2724 and
762 2659 831 2723 mid
850 2676 928 2722 ‚xm
944 2658 1089 2722 heifdon
1111 2677 1247 2740 sceapa,

195 2781 240 2824 on
267 2759 458 2824 Leafoildes
489 2762 693 2842 gewitnessc
724 2760 942 2842 portgcrefau
977 2759 1045 2822 and
1078 2779 1123 2822 on
1156 2759 1248 2823 ealre

193 2850 288 2926 omre
305 2860 485 2924 burhwarc
502 2881 546 2925 on
566 2862 699 2926 Baton.
750 2860 863 2925 Griste
880 2860 960 2924 hine
979 2860 1122 2924 ablende
1137 2856 1180 2922 he
1192 2860 1248 2924 ’dis

195 2961 266 3024 alre
288 2949 441 3025 awende.

230 3175 237 3206 ¹
254 3178 307 3226 The
319 3177 403 3225 words
414 3175 498 3224 which
509 3175 679 3235 immediately
687 3172 773 3224 follow
783 3175 833 3225 this
844 3179 976 3226 testament
986 3178 1063 3227 relate
1074 3183 1100 3226 to
1110 3178 1152 3228 the
1163 3180 1248 3242 dispo·

194 3250 267 3298 sitiou
279 3249 307 3296 os
314 3247 356 3296 the
368 3252 493 3308 property,
505 3247 555 3294 and
566 3261 608 3294 are
622 3246 800 3307 consequeutly
810 3247 919 3295 inserted
928 3248 993 3295 :-“
998 3249 1071 3299 Quae
1082 3265 1139 3298 cum
1150 3255 1248 3299 mortua

193 3321 241 3368 suit
261 3332 351 3379 corpus
370 3318 440 3365 illius
459 3317 492 3365 ad
511 3330 556 3364 uos
575 3317 686 3364 delatum
705 3317 731 3363 in
750 3318 870 3365 cimiterio
889 3317 994 3366 fratrum
1013 3321 1142 3381 sepelitur.
1188 3322 1248 3372 Qua

194 3390 293 3451 sepulta
311 3403 370 3436 mox
386 3388 438 3435 filia
454 3388 509 3435 eius
526 3388 639 3446 praefata
649 3386 798 3435 AElfeswida
814 3402 871 3435 cum
888 3390 1045 3449 possessione
1066 3391 1098 3438 de
1115 3389 1248 3440 Steueche-

193 3461 278 3509 worde
290 3458 428 3506 aecclesiae
448 3472 474 3505 se
494 3457 595 3505 tradens
613 3457 663 3504 uiri
682 3459 833 3507 consortium
850 3465 1008 3523 aspernatur,
1019 3460 1072 3510 illic
1089 3461 1181 3522 iugiter
1191 3477 1248 3524 pro·

193 3532 261 3579 fessa
276 3534 314 3577 est
330 3543 491 3588 permanere;
516 3528 558 3574 cui
576 3527 669 3574 tradita
687 3532 725 3576 est
736 3527 864 3577 Goueneia
883 3528 954 3579 locus
972 3533 1120 3580 monasterio
1139 3532 1248 3595 uicinus,

193 3601 238 3648 ubi
256 3599 429 3647 aurifrixoriae
452 3602 477 3646 et
495 3598 601 3645 texturis
618 3599 739 3646 secretius
760 3614 817 3647 cum
836 3600 957 3661 puellulis
978 3602 1102 3663 uacabat3
1128 3617 1194 3663 quae
1216 3603 1248 3651 de

194 3671 294 3731 proprio
313 3672 415 3729 sumptu
434 3668 517 3716 olbam
533 3667 645 3716 casulam
663 3669 716 3717 suis
727 3670 843 3718 manibus
853 3671 911 3732 ipsa
920 3671 980 3720 talis
990 3672 1085 3734 ingenii
1095 3673 1247 3734 peritissima

193 3741 261 3801 fecit,
277 3743 302 3787 et
319 3754 387 3786 soror
398 3739 453 3786 eius
465 3739 597 3787 Leosware
614 3739 770 3788 nobilissimo
786 3741 841 3788 uiro
852 3741 982 3790 Leofwino
998 3743 1138 3792 sublimiter
1153 3744 1248 3807 dotata,

192 3816 284 3859 terram
300 3810 332 3857 de
343 3809 558 3870 Wedreringesete
574 3809 712 3858 aecclesiae
729 3811 886 3873 postmodum
902 3811 1004 3876 adiecit,
1015 3817 1040 3862 et
1050 3814 1124 3876 plura
1135 3829 1201 3876 quae
1216 3814 1248 3862 de

194 3882 259 3929 dono
270 3880 319 3928 uiri
331 3880 371 3929 sui
382 3884 514 3942 sequenter
524 3879 688 3931 inseremus.''
