2902 4890
457 377 629 426 curaris
652 375 993 426 ANGLOSAonchu.
1081 441 1089 466 ,
1207 356 1252 424 43

196 535 344 600 Leofrici
374 537 509 602 comitis
537 536 634 601 astiti
655 539 709 618 ᾧ.
787 536 863 618 Ego
887 534 1065 599 Turkillus
1094 533 1251 598 minister

193 638 284 717 regis
311 637 429 701 audiui
447 639 503 721 »1«.
590 637 667 718 Ego
685 635 862 718 AElfgetus
890 636 1048 700 minister
1074 635 1166 718 regis
1194 652 1251 699 as-

193 737 276 820 pexi
292 737 348 819 *l*-

606 1031 854 1098 DOCXLIX.

598 1181 747 1260 CNUT,
769 1182 865 1248 1033.

252 1336 292 1416 ›1‹
314 1333 359 1398 IN
376 1333 514 1398 nomine
535 1332 591 1396 dei
612 1333 685 1398 uiui
712 1339 749 1397 et
772 1333 847 1396 ueri
868 1331 997 1397 domini
1017 1333 1127 1398 nostri
1145 1334 1250 1398 Ihesu

200 1433 329 1498 Christi
355 1432 474 1497 mundi
505 1432 753 1516 redemptoris!
817 1430 921 1497 Anno
948 1452 1031 1497 uero
1061 1433 1253 1499 dominicae

197 1533 444 1598 incarnationis
471 1548 667 1597 ‚mmxxua
697 1551 764 1614 ego
789 1532 883 1597 Cnut
915 1533 1162 1616 omnipotentis
1196 1533 1252 1599 dei

198 1634 402 1715 disponente
417 1632 611 1710 clementia,
629 1631 902 1714 Angligenarum
926 1633 1147 1716 omniumque
1169 1654 1254 1716 gen·

199 1735 285 1798 tium
314 1752 414 1798 secus
436 1732 667 1797 habitantium
692 1753 767 1810 rex,
789 1733 877 1798 hanc
902 1733 1078 1798 scedulam
1098 1734 1253 1800 ducitare

199 1833 353 1916 promisi,
380 1853 448 1898 non
475 1834 654 1898 immemor
679 1833 850 1916 quomodo
873 1841 908 1898 et
924 1854 1029 1917 quam
1051 1833 1254 1899 mirabiliter

198 1935 314 1997 omnia
340 1953 517 2016 supernus,
536 1941 649 1998 rector
666 1934 784 1996 firmae
806 1935 951 1998 rationis
973 1935 1060 1998 serie
1083 1936 1254 2016 gubernat

196 2041 305 2116 atque
336 2033 499 2111 custodit,
531 2054 594 2098 ceu
632 2035 788 2098 omnibus
820 2034 1034 2117 sapientibus
1062 2043 1182 2099 notum
1211 2055 1252 2101 ac

199 2133 419 2197 manifestum
440 2141 590 2211 constat,
612 2135 705 2216 quod
727 2134 894 2216 quosdam
918 2145 1005 2199 nutu
1030 2134 1175 2199 mirifico
1200 2136 1253 2198 in-

200 2235 335 2298 terdum
353 2234 499 2310 exaltat,
521 2234 690 2316 quosdam
714 2234 838 2296 iterum
858 2235 948 2299 sicut
967 2233 1132 2322 stipulam
1149 2244 1255 2301 uento

200 2341 337 2416 raptam
363 2334 529 2398 fortunali
558 2341 685 2398 euentu
716 2331 809 2397 illico
835 2334 988 2417 depellit.
1053 2334 1100 2398 Et
1128 2335 1254 2400 iccirco

202 2434 375 2515 quoddam
391 2435 492 2516 regni
515 2435 582 2498 mei
603 2452 663 2498 rus
687 2452 841 2501 meorum
867 2433 1075 2518 optimatum
1101 2435 1256 2499 testimo·

202 2534 259 2596 nio
293 2533 429 2597 cuidam
465 2535 655 2599 uenerabili
679 2534 756 2599 uiro
788 2553 865 2598 meo
898 2534 1156 2617 archiepiscopo
1177 2535 1255 2599 AEl·

202 2633 300 2711 frico,
317 2634 490 2711 uidelicet,
500 2635 652 2699 Eburum
669 2634 868 2712 aecclesiae,
886 2634 921 2698 id
936 2641 989 2702 est
1001 2650 1120 2699 ,xn111.
1138 2653 1254 2699 cassa-

202 2741 258 2798 tos
273 2733 352 2797 loco
376 2735 435 2817 qui
459 2735 586 2799 celebri
607 2743 654 2799 aet
669 2733 900 2816 Partingtune
915 2742 1135 2818 nuncupatur
1151 2755 1256 2800 uoca-

202 2834 297 2911 bulo,
324 2852 387 2916 pro
416 2834 652 2918 redemptione
684 2834 818 2899 animae
846 2854 942 2899 meae
967 2836 1145 2918 patrisque
1176 2836 1257 2914 mei,

204 2935 400 2997 omniumuc
416 2936 673 3018 propinquitate
698 2934 781 2999 mihi
803 2936 1076 3014 coniunctorum,
1090 2942 1259 3018 perpetua

204 3032 352 3115 largitus
372 3053 448 3097 sum
475 3034 699 3112 haereditate,
714 3043 818 3118 atque
843 3037 1002 3099 omnibus
1025 3036 1098 3099 suis
1123 3055 1257 3099 succes·

204 3134 351 3210 soribus,
369 3139 408 3196 ut
429 3141 555 3199 terram
576 3136 645 3198 iam
667 3135 869 3216 praefatam,
888 3155 964 3199 meo
981 3136 1113 3199 scilicet
1128 3145 1256 3201 ouante

204 3251 388 3310 consensu,
409 3235 605 3299 tramitibus
630 3254 713 3298 suae
742 3235 918 3316 possideat
945 3236 1061 3309 uitae;
1094 3234 1255 3318 deinceps

205 3352 355 3415 namque
386 3333 452 3399 sibi
481 3335 678 3399 succedenti
709 3333 815 3415 digno
840 3333 979 3397 haeredi
1006 3353 1255 3416 quemcumque

204 3433 288 3496 deus
313 3432 456 3514 eligeret
481 3434 708 3517 derelinquat,
733 3453 794 3497 ceu
821 3433 990 3517 praedixi,
1014 3434 1051 3497 in
1080 3440 1255 3498 aeternam

204 3533 463 3598 haereditatem.
518 3534 663 3599 Maneat
693 3534 801 3615 igitur
824 3553 937 3601 meum
968 3532 1034 3598 hoc
1059 3533 1257 3600 inuiolabile

203 3634 332 3697 donum
348 3641 488 3699 aeterna
502 3634 661 3700 libertate
676 3635 873 3712 iocundum,
895 3654 973 3698 cum
992 3633 1150 3698 omnibus
1167 3653 1256 3716 quae

205 3732 248 3796 ad
273 3733 385 3814 ipsum
408 3734 521 3799 locum
538 3736 709 3817 pertinere
724 3735 958 3810 dinoscuntur,
979 3735 1101 3800 tamin
1120 3736 1256 3815 magnis

206 3853 310 3914 quam
329 3833 367 3896 in
386 3834 530 3899 modicis
547 3837 661 3914 rebus,
677 3835 819 3918 campis,
843 3835 981 3918 pascuis
1003 3843 1037 3898 et
1057 3835 1179 3917 pratis,
1196 3855 1254 3898 ex-

204 3940 305 4015 cepto
345 3937 517 3999 communi
560 3935 676 4000 labore
709 3935 939 4019 expeditione,
970 3936 1085 4016 pontis
1123 3936 1256 4000 arcisue

205 4032 511 4099 coaedificatione.
565 4036 602 4098 Si
633 4037 691 4118 qui
720 4037 878 4119 deniquo,
902 4034 986 4098 mihi
1012 4054 1080 4098 non
1109 4037 1255 4118 optanti,

207 4132 295 4198 hanc
317 4133 488 4200 libertatis
514 4145 644 4200 cartam
664 4137 773 4201 liuore
795 4136 949 4218 depressi
969 4135 1101 4201 uiolare
1118 4143 1255 4217 satage·
