2902 4890
405 375 577 424 cunum
598 374 947 424 Anonosnxomcnn.
1140 359 1206 424 203

145 533 192 599 ad
215 537 339 599 causas
362 534 620 616 cognoscendas
637 541 672 598 ct
687 533 895 597 dirimendas
916 532 996 597 lites
1012 532 1102 596 iuter
1122 552 1202 597 uas·

146 633 257 699 sailos
287 641 323 699 et
352 633 493 698 colonos
525 653 608 698 suos
635 642 743 711 ortas,
775 652 854 697 cum
883 639 1057 715 potestate
1092 638 1203 697 trans-

148 742 326 816 gressores
352 741 388 798 et
404 733 603 811 ‚calumniae
627 753 703 798 reos
725 732 862 797 mulctis
884 731 1053 797 afficiendi
1075 750 1202 815 easque

147 826 301 911 leuandi,
318 852 423 916 porro
448 834 553 898 etiam
579 840 620 898 ut
646 834 694 897 ibi
718 833 870 897 habeant
893 833 929 895 in
958 832 1145 896 uendendis
1168 840 1203 897 et

42 978 46 983 ,
148 934 302 997 emendis
328 934 497 998 mercibus
519 952 541 996 a
559 933 691 998 tolneto
712 933 975 1009 immunitatem,
995 951 1073 996 cum
1097 932 1204 1015 priui-

148 1032 243 1114 legio
271 1032 420 1097 habendi
449 1039 558 1097 totam
588 1052 729 1097 suorum
755 1052 933 1097 seruorum
962 1033 1202 1115 propaginem

150 1139 360 1215 potestatem
391 1133 497 1197 etiam
524 1132 618 1196 fures
645 1134 682 1196 in
707 1140 799 1197 terra
820 1152 885 1196 sua
911 1150 990 1195 cum
1014 1152 1051 1196 re
1076 1131 1205 1196 furtiua

148 1231 381 1316 deprehensos
397 1233 433 1296 in
449 1233 504 1296 ius
519 1233 666 1297 uocandi
687 1240 723 1296 et
737 1232 913 1315 puniendi,
928 1251 1006 1296 cum
1023 1232 1205 1314 priuilegio

148 1332 316 1415 fugitiuos
341 1333 563 1415 suscipiendi,
583 1339 619 1396 et
642 1333 758 1397 omnia
783 1331 852 1395 alia
873 1332 950 1395 iura
979 1350 1067 1413 quae
1094 1333 1204 1396 omni·

151 1433 256 1497 modo
268 1433 393 1497 exinde
405 1433 537 1496 oritura
550 1441 643 1496 sunt.
691 1432 879 1496 Praeterea
894 1451 1031 1513 quoque
1042 1451 1111 1494 una
1126 1451 1205 1494 cnm

151 1531 218 1596 hoc
240 1532 381 1615 praedio
402 1528 574 1596 liberrime
591 1533 680 1596 dono
700 1532 836 1596 tertiam
853 1550 1026 1613 quamque
1047 1532 1204 1595 arborem

152 1639 187 1696 et
206 1633 342 1696 tertiam
365 1651 537 1715 quamque
564 1633 735 1695 sarcinam
763 1631 1003 1695 iumentariam
1030 1629 1204 1694 fructuum

152 1731 213 1814 qni
234 1738 424 1796 nascuntur
439 1731 476 1794 in
499 1731 600 1814 sylua
617 1732 774 1814 proxime
797 1730 841 1793 ad
860 1727 1108 1813 Kyngesbyrig
1126 1731 1206 1808 sita,

151 1850 242 1913 quae
259 1833 350 1895 sicut
371 1831 522 1912 antiquis
550 1831 759 1914 temporibus
784 1830 862 1912 lege
884 1837 1024 1893 cautum
1049 1838 1124 1893 erat
1151 1839 1205 1894 est

151 1932 355 1995 communis.
417 1930 650 2008 Quamobrem
678 1931 817 1994 omnino
841 1929 921 1993 nolo
943 1930 1141 2011 permittere
1165 1937 1205 1994 ut

152 2031 231 2112 quis
253 2031 328 2094 siue
350 2049 370 2093 e
391 2030 492 2113 sylna
514 2030 589 2094 siue
610 2050 654 2094 ex
678 2049 763 2111 agro
780 2048 869 2110 quae
890 2030 920 2091 is
936 2034 1131 2092 Dnrstanus
1154 2029 1204 2092 illi

151 2129 230 2195 loco
246 2130 352 2208 dedit,
368 2150 474 2193 unum
495 2130 653 2210 iugerum
675 2129 809 2194 auferat
826 2127 881 2191 uel
899 2127 1074 2205 excludat,
1092 2128 1205 2192 uelut

152 2231 231 2312 quis
247 2230 303 2294 ius
323 2229 449 2294 habeat
468 2250 509 2294 eo
526 2228 765 2312 proficiscendi
785 2228 829 2292 ad
845 2227 1044 2291 sumendam
1062 2247 1133 2291 rem
1151 2229 1204 2291 ul-

150 2329 222 2393 lam
239 2329 296 2395 uel
305 2329 378 2393 ullo
395 2336 560 2412 tempore,
570 2336 708 2412 praeter
719 2330 878 2393 abbatem
893 2335 929 2391 et
941 2326 1065 2391 fratres
1079 2327 1204 2410 quibus

151 2429 323 2494 indultum
351 2436 404 2493 est
430 2449 471 2493 eo
501 2430 672 2512 proficisci
699 2429 743 2493 ad
771 2432 938 2495 sumenda
961 2446 1050 2510 quae
1066 2447 1205 2491 monas·

153 2529 241 2594 terio
267 2548 356 2611 opus
379 2536 469 2593 sunt.
516 2527 608 2593 Uolo
631 2529 739 2610 igitur
765 2535 800 2591 et
828 2527 971 2592 firmiter
993 2528 1116 2591 mando
1139 2529 1203 2591 sub

151 2647 263 2712 poena
285 2629 491 2710 grauissima
515 2635 555 2692 ut
577 2627 662 2692 haec
687 2628 901 2692 confirmatio
923 2634 1044 2691 nostra
1067 2629 1102 2690 in
1127 2627 1204 2691 loco

150 2727 214 2792 illo
243 2736 365 2792 sancto
395 2736 556 2793 aeternae
587 2728 810 2793 haereditatis
841 2729 910 2791 uim
946 2735 981 2792 et
1007 2728 1204 2792 firmitatem

152 2847 288 2910 semper
305 2828 472 2893 obtineat.
523 2827 648 2892 Amen.

545 3125 817 3191 ccccxciv.

532 3255 832 3340 ninwunan.

209 3426 248 3506 ›1‹
270 3423 317 3488 ΙΝ
337 3421 424 3488 bane
447 3413 595 3506 balgene
618 3444 742 3489 namen
765 3415 846 3488 sures
869 3412 1032 3486 helendes
1050 3421 1204 3488 Cristes!

154 3523 218 3587 Ich
242 3513 430 3587 Eiduuard
465 3523 550 3606 king
584 3523 658 3589 ofer
684 3513 906 3606 Englcbefide
937 3513 1027 3586 cfibe
1053 3513 1203 3604 Stigand

152 3622 385 3707 archebissop‚
400 3624 468 3687 and
481 3623 617 3687 Harold
633 3625 716 3701 eorl,
736 3624 803 3688 and
824 3622 890 3686 alle
908 3613 1002 3685 mine
1018 3623 1130 3708 beines
1147 3621 1206 3686 bat

152 3721 209 3787 ich
230 3723 301 3786 mid
318 3720 424 3787 busan
438 3724 537 3788 write
554 3724 653 3805 gelde
671 3724 738 3788 and
760 3743 847 3805 geue
864 3721 976 3786 Crista
1002 3723 1071 3786 and
1095 3723 1204 3787 seinte

154 3822 259 3887 Petra
299 3823 368 3887 and
389 3823 556 3888 Wluuold
593 3824 726 3888 abbode
765 3824 833 3887 and
868 3828 935 3887 tien
975 3813 1125 3887 brocren
1159 3842 1204 3886 on

153 3921 362 4007 cherteseye
391 3929 438 3988 bo
465 3940 514 3987 .x.
531 3915 646 4016 hyden
672 3923 753 3988 lond
786 3944 831 3987 on
847 3921 1035 3999 waltham,
1062 3922 1128 3985 and
1159 3928 1204 3986 be

152 4021 299 4086 chercbe
322 4023 363 4087 of
381 4020 446 4087 bin
468 4023 584 4087 seluen
608 4014 705 4100 tsine,
730 4024 798 4087 and
820 4022 907 4087 bane
924 4023 1022 4085 wode
1038 4021 1079 4085 oi
1094 4022 1203 4086 Hale-

155 4112 239 4198 wik,
257 4124 324 4186 and
344 4127 436 4187 bane
452 4123 493 4187 of
507 4113 734 4205 Lidlegewik‚
749 4123 819 4187 mid
836 4123 903 4187 alle
926 4111 1030 4197 bbere
1045 4123 1145 4206 pinge
1161 4128 1206 4187 bc
