2902 4890
186 357 231 421 40
440 372 614 421 cnnnrnn
640 370 983 419 nncuosnxonronr.

189 533 266 612 Ego
290 532 413 614 Duryd
442 532 609 596 minister.
691 531 731 611 ›1‹
752 528 828 611 Ego
856 527 1046 592 Leofunine
1074 526 1254 591 minister.

195 634 233 713 ›1‹
262 631 338 713 Ego
356 630 500 712 AElfwig
532 631 697 694 minister.
776 632 815 711 ›1‹
843 628 919 710 Ego
941 626 1043 708 Tofig
1073 627 1252 690 minister.

195 733 234 812 ›1‹
258 732 334 812 Ego
351 731 440 795 Karl
471 732 636 794 minister.
717 733 755 812 ›1‹
777 729 854 809 Ego
878 726 1005 810 Lyfing
1036 726 1250 809 praefectus.

195 831 234 910 ›1‹
256 830 332 912 Ego
349 830 501 896 AElfstan
526 831 693 895 minister.
758 827 894 910 >Migo
911 825 1050 908 Durkyl
1074 825 1252 890 minister.

195 931 235 1011 ›1‹
259 931 334 1013 Ego
351 931 488 1013 AElsgar
504 930 669 995 minister.
727 932 766 1011 ›1‹
786 928 862 1010 Ego
881 926 1015 991 Ceolric
1032 925 1202 990 minister.

587 1229 852 1296 DCCXLVII.

567 1381 588 1424 *
601 1380 667 1445 CN
671 1379 751 1458 UT,
775 1380 873 1445 1032.

248 1531 287 1610 ›1‹
311 1528 516 1594 Rncnnnrn
538 1529 572 1593 in
596 1536 799 1613 perpetuum
825 1529 976 1605 domino,
997 1528 1054 1612 qui
1073 1545 1139 1591 sua
1155 1527 1248 1591 inef-

193 1628 288 1692 fabili
312 1631 468 1712 potentia
490 1631 606 1695 omnia
632 1629 785 1712 disponit
800 1636 905 1712 atque
928 1629 1110 1710 gubernat,
1134 1627 1248 1691 uices·

194 1747 261 1809 que
292 1737 484 1812 temporum
519 1730 763 1812 hominumque
797 1728 999 1793 mirabiliter
1034 1728 1249 1805 discernens,

195 1829 445 1912 terminumque
459 1832 641 1907 incertum,
658 1835 761 1912 prout
777 1828 854 1893 uult
870 1827 1120 1911 aequanimiter
1135 1826 1249 1910 impo-

195 1947 292 2005 nens,
318 1937 354 1993 et
379 1930 422 1994 de
448 1930 589 1995 secretis
615 1936 760 1994 naturae
786 1929 960 2011 mysteriis
981 1927 1250 1992 misericorditer

194 2028 308 2106 docet,
324 2038 365 2093 ut
385 2029 428 2093 de
450 2029 606 2114 fugitiuis
631 2037 668 2094 et
690 2029 765 2093 sine
787 2028 891 2093 dnbio
915 2028 1123 2093 transitoriis
1147 2045 1248 2090 man·

195 2148 277 2193 sura
305 2148 414 2213 regna
446 2130 501 2194 dei
528 2129 693 2212 suffragio
723 2127 944 2212 adipiscenda
976 2128 1081 2192 sunt!
1147 2124 1248 2205 Qua·

194 2236 336 2311 propter
360 2249 426 2312 ego
445 2229 538 2295 Cnut
555 2250 618 2295 rex
636 2229 828 2310 Anglorum
853 2235 1136 2309 caeterarumque
1160 2245 1248 2307 gen·

196 2330 283 2393 tium
309 2331 345 2393 in
373 2331 518 2395 circuitu
549 2330 805 2413 persistentium
830 2330 1041 2411 gubernator
1063 2332 1099 2390 et
1120 2332 1248 2405 rector,

197 2449 275 2493 cum
302 2430 445 2494 consilio
477 2437 512 2495 et
542 2430 679 2494 decreto
702 2427 877 2494 AEbelnoti
905 2427 1076 2509 simulque
1103 2433 1249 2491 cuncto·

197 2549 272 2592 rum
295 2529 350 2592 dei
367 2531 595 2607 sacerdotum,
617 2537 653 2593 et
675 2549 843 2595 consensu
860 2529 1065 2611 optimatum
1082 2544 1251 2605 meorum,

197 2629 242 2691 ob
271 2647 422 2692 amorem
449 2629 606 2692 coelestis
635 2631 745 2710 regni,
764 2637 798 2695 et
829 2627 1064 2712 peccaminum
1093 2644 1250 2689 meorum

198 2727 445 2805 remissionem,
475 2737 510 2792 et
534 2729 649 2792 anima
679 2729 795 2794 fratris
826 2729 894 2792 mei
923 2727 1015 2809 regis
1041 2725 1250 2803 Eadmundi,

199 2827 349 2890 concedo
378 2828 564 2892 aecclesiae
592 2837 733 2893 sanctae
763 2831 817 2895 dei
845 2827 1022 2911 genitricis
1047 2844 1252 2908 semperque

200 2927 345 3007 uirginis
368 2927 502 2993 Mariae
530 2928 745 3007 Glastoniae,
768 2931 844 2994 iura
865 2936 900 2993 et
923 2925 1189 2992 consuetudines
1215 2926 1252 2989 in

200 3027 292 3088 omni
307 3046 413 3108 regno
428 3048 515 3106 meo,
532 3036 567 3093 et
585 3047 703 3093 omnes
723 3029 959 3093 forisfacturas
975 3027 1125 3090 omnium
1140 3033 1252 3089 terra-

201 3145 276 3189 rum
293 3145 444 3204 suarum,
460 3135 495 3192 et
512 3130 583 3192 sint
607 3136 720 3192 terrae
742 3130 815 3192 eius
833 3129 897 3192 sibi
919 3126 1047 3190 liberae
1064 3134 1100 3189 et
1115 3124 1253 3191 solutae

201 3226 245 3289 ab
267 3228 359 3291 omni
383 3228 579 3312 calumpnia
595 3236 629 3293 et
644 3228 894 3311 inquietatione
911 3226 1014 3290 sicuti
1028 3244 1125 3288 meae
1147 3224 1254 3289 michi

200 3325 379 3392 habentur.
449 3329 581 3394 Uerum
611 3328 696 3392 illud
722 3328 904 3411 praecipue
933 3346 977 3390 ex
1007 3325 1254 3407 omnipotentis

201 3426 309 3508 patris
327 3438 361 3492 et
378 3428 440 3491 filii
455 3437 490 3493 et
506 3430 649 3513 spiritus
665 3430 777 3492 sancti
793 3425 1000 3493 auctoritate
1012 3431 1047 3489 et
1064 3433 1255 3506 perpetuae

201 3526 345 3606 uirginis
366 3528 607 3592 interdictione
631 3528 806 3610 prohibeo,
829 3536 863 3593 et
879 3526 1050 3591 uniuersis
1071 3524 1171 3604 regni
1186 3526 1257 3589 mei

200 3625 407 3707 praepositis
437 3632 472 3690 et
496 3627 700 3710 primatibus
727 3648 831 3710 snper
856 3647 954 3691 suam
979 3625 1128 3690 salutem
1155 3643 1258 3705 prae·

201 3725 303 3807 cipio,
319 3732 359 3787 ut
376 3725 491 3788 nullus
514 3726 654 3790 omnino
677 3727 772 3790 illam
794 3729 941 3790 insulam
965 3727 1095 3789 intrare
1114 3724 1258 3803 audeat,

200 3826 445 3907 cuiuscumque
471 3826 600 3889 ordinis
614 3827 661 3890 sit
679 3833 739 3891 aut
756 3826 955 3908 dignitatis3
983 3833 1036 3888 set
1052 3823 1168 3888 omnia
1183 3832 1259 3889 tam

199 3925 234 3986 in
253 3925 517 3989 aecclesiasticis
539 3946 642 4007 quam
660 3927 694 3990 in
720 3927 954 3990 saecularibus
972 3924 1086 3988 causis
1102 3930 1261 3988 tantum·

200 4023 302 4087 modo
324 4025 461 4089 abbatis
487 4025 651 4089 iudicium
674 4034 709 4090 et
733 4035 924 4090 conuentus
942 4030 1138 4108 expectent,
1152 4024 1264 4090 sicuti

199 4124 481 4204 praedecessores
505 4128 572 4191 rnei
595 4135 786 4192 sanxerunt
811 4134 846 4192 et
863 4124 1054 4211 priuilegiis
1074 4123 1264 4191 confirma·
