<?xml version="1.0" encoding="UTF-8"?>
<!DOCTYPE html PUBLIC "-//W3C//DTD XHTML 1.0 Transitional//EN"
    "http://www.w3.org/TR/xhtml1/DTD/xhtml1-transitional.dtd">
<html xmlns="http://www.w3.org/1999/xhtml" xml:lang="en" lang="en">
 <head>
  <title>
</title>
<meta http-equiv="Content-Type" content="text/html;charset=utf-8" />
  <meta name='ocr-system' content='tesseract 3.04.00' />
  <meta name='ocr-capabilities' content='ocr_page ocr_carea ocr_par ocr_line ocrx_word'/>
</head>
<body>
  <div class='ocr_page' id='page_1' title='image "./codexdiplomatic03kembgoog_0092.png"; bbox 0 0 2902 4890; ppageno 0'>
   <div class='ocr_carea' id='block_1_1' title="bbox 450 355 1251 420">
    <p class='ocr_par' dir='ltr' id='par_1_1' title="bbox 450 355 1251 420">
     <span class='ocr_line' id='line_1_1' title="bbox 450 355 1251 420; baseline 0 -1"><span class='ocrx_word' id='word_1_1' title='bbox 450 371 623 420; x_wconf 71' lang='lat' dir='ltr'><strong>ausuras</strong></span> <span class='ocrx_word' id='word_1_2' title='bbox 646 365 991 419; x_wconf 75' lang='lat' dir='ltr'><strong>nuonosnxourcnn.</strong></span> <span class='ocrx_word' id='word_1_3' title='bbox 1208 355 1251 419; x_wconf 87' lang='grc'><strong>65</strong></span> 
     </span>
    </p>
   </div>
   <div class='ocr_carea' id='block_1_2' title="bbox 192 526 1249 712">
    <p class='ocr_par' dir='ltr' id='par_1_2' title="bbox 192 526 1249 712">
     <span class='ocr_line' id='line_1_2' title="bbox 197 526 1249 611; baseline 0.001 -22"><span class='ocrx_word' id='word_1_4' title='bbox 197 527 237 608; x_wconf 75' lang='lat'><strong>›1‹</strong></span> <span class='ocrx_word' id='word_1_5' title='bbox 255 526 331 608; x_wconf 83' lang='lat' dir='ltr'><strong>Ego</strong></span> <span class='ocrx_word' id='word_1_6' title='bbox 350 526 526 592; x_wconf 85' lang='lat' dir='ltr'><strong>Leosricus</strong></span> <span class='ocrx_word' id='word_1_7' title='bbox 543 548 658 593; x_wconf 89' lang='lat' dir='ltr'><strong>comes</strong></span> <span class='ocrx_word' id='word_1_8' title='bbox 673 530 843 592; x_wconf 81' lang='lat' dir='ltr'><strong>consensi.</strong></span> <span class='ocrx_word' id='word_1_9' title='bbox 913 530 953 611; x_wconf 74' lang='lat'><strong>›1‹</strong></span> <span class='ocrx_word' id='word_1_10' title='bbox 972 527 1049 609; x_wconf 81' lang='lat' dir='ltr'><strong>Ego</strong></span> <span class='ocrx_word' id='word_1_11' title='bbox 1063 527 1249 610; x_wconf 88' lang='lat' dir='ltr'><strong>Sywardus</strong></span> 
     </span>
     <span class='ocr_line' id='line_1_3' title="bbox 192 628 1132 712; baseline 0.004 -24"><span class='ocrx_word' id='word_1_12' title='bbox 192 644 309 690; x_wconf 88' lang='lat' dir='ltr'><strong>comes</strong></span> <span class='ocrx_word' id='word_1_13' title='bbox 324 629 491 693; x_wconf 81' lang='lat' dir='ltr'><strong>consensi.</strong></span> <span class='ocrx_word' id='word_1_14' title='bbox 548 630 588 711; x_wconf 74' lang='lat'><strong>›1‹</strong></span> <span class='ocrx_word' id='word_1_15' title='bbox 610 629 686 712; x_wconf 82' lang='lat' dir='ltr'><strong>Ego</strong></span> <span class='ocrx_word' id='word_1_16' title='bbox 700 628 815 695; x_wconf 88' lang='lat' dir='ltr'><strong>Reoui</strong></span> <span class='ocrx_word' id='word_1_17' title='bbox 831 647 946 699; x_wconf 89' lang='lat' dir='ltr'><strong>comes</strong></span> <span class='ocrx_word' id='word_1_18' title='bbox 963 630 1132 693; x_wconf 83' lang='lat' dir='ltr'><strong>consensi.</strong></span> 
     </span>
    </p>
   </div>
   <div class='ocr_carea' id='block_1_3' title="bbox 478 926 967 1158">
    <p class='ocr_par' dir='ltr' id='par_1_3' title="bbox 478 926 967 1158">
     <span class='ocr_line' id='line_1_4' title="bbox 611 926 838 993; baseline 0.013 -3"><span class='ocrx_word' id='word_1_19' title='bbox 611 926 838 993; x_wconf 84' lang='lat' dir='ltr'>DCCLXII.</span> 
     </span>
     <span class='ocr_line' id='line_1_5' title="bbox 478 1075 967 1158; baseline -0.006 -16"><span class='ocrx_word' id='word_1_20' title='bbox 478 1080 503 1126; x_wconf 55' lang='grc' dir='ltr'><em>ὓ</em></span> <span class='ocrx_word' id='word_1_21' title='bbox 516 1075 849 1158; x_wconf 82' lang='lat' dir='ltr'><strong>HARDACNUT,</strong></span> <span class='ocrx_word' id='word_1_22' title='bbox 872 1078 967 1143; x_wconf 79' lang='lat'>1042.</span> 
     </span>
    </p>
   </div>
   <div class='ocr_carea' id='block_1_4' title="bbox 194 1224 1274 3907">
    <p class='ocr_par' dir='ltr' id='par_1_4' title="bbox 194 1224 1274 3907">
     <span class='ocr_line' id='line_1_6' title="bbox 250 1224 1249 1312; baseline 0.001 -21"><span class='ocrx_word' id='word_1_23' title='bbox 250 1230 290 1311; x_wconf 74' lang='lat'><strong>›1‹</strong></span> <span class='ocrx_word' id='word_1_24' title='bbox 313 1224 468 1292; x_wconf 69' lang='lat' dir='ltr'><strong>curiora</strong></span> <span class='ocrx_word' id='word_1_25' title='bbox 496 1227 711 1291; x_wconf 88' lang='lat' dir='ltr'><strong>saeculorum</strong></span> <span class='ocrx_word' id='word_1_26' title='bbox 740 1228 947 1312; x_wconf 89' lang='lat' dir='ltr'><strong>patrimonia</strong></span> <span class='ocrx_word' id='word_1_27' title='bbox 977 1228 1119 1291; x_wconf 89' lang='lat' dir='ltr'><strong>incertis</strong></span> <span class='ocrx_word' id='word_1_28' title='bbox 1148 1249 1249 1310; x_wconf 92' lang='lat' dir='ltr'><strong>nepo-</strong></span> 
     </span>
     <span class='ocr_line' id='line_1_7' title="bbox 194 1327 1248 1410; baseline -0.002 -17"><span class='ocrx_word' id='word_1_29' title='bbox 194 1340 270 1393; x_wconf 90' lang='lat' dir='ltr'><strong>tum</strong></span> <span class='ocrx_word' id='word_1_30' title='bbox 292 1327 495 1392; x_wconf 84' lang='lat' dir='ltr'><strong>haeredibus</strong></span> <span class='ocrx_word' id='word_1_31' title='bbox 518 1327 772 1410; x_wconf 89' lang='lat' dir='ltr'><strong>relinquuntur,</strong></span> <span class='ocrx_word' id='word_1_32' title='bbox 797 1336 833 1392; x_wconf 99' lang='lat' dir='ltr'><strong>et</strong></span> <span class='ocrx_word' id='word_1_33' title='bbox 855 1329 967 1392; x_wconf 89' lang='lat' dir='ltr'><strong>omnis</strong></span> <span class='ocrx_word' id='word_1_34' title='bbox 991 1327 1110 1391; x_wconf 93' lang='lat' dir='ltr'><strong>mundi</strong></span> <span class='ocrx_word' id='word_1_35' title='bbox 1137 1328 1248 1409; x_wconf 82' lang='lat' dir='ltr'><strong>gloria</strong></span> 
     </span>
     <span class='ocr_line' id='line_1_8' title="bbox 194 1427 1249 1512; baseline -0.001 -21"><span class='ocrx_word' id='word_1_36' title='bbox 194 1428 495 1512; x_wconf 83' lang='lat' dir='ltr'><strong>appropinquante</strong></span> <span class='ocrx_word' id='word_1_37' title='bbox 532 1427 668 1491; x_wconf 81' lang='lat' dir='ltr'><strong>debitae</strong></span> <span class='ocrx_word' id='word_1_38' title='bbox 698 1429 819 1492; x_wconf 89' lang='lat' dir='ltr'><strong>mortis</strong></span> <span class='ocrx_word' id='word_1_39' title='bbox 848 1429 1006 1505; x_wconf 91' lang='lat' dir='ltr'><strong>termino,</strong></span> <span class='ocrx_word' id='word_1_40' title='bbox 1036 1427 1080 1490; x_wconf 94' lang='lat' dir='ltr'><strong>ad</strong></span> <span class='ocrx_word' id='word_1_41' title='bbox 1105 1428 1249 1490; x_wconf 90' lang='lat' dir='ltr'><strong>nihilum</strong></span> 
     </span>
     <span class='ocr_line' id='line_1_9' title="bbox 195 1526 1248 1611; baseline 0.002 -22"><span class='ocrx_word' id='word_1_42' title='bbox 195 1527 340 1590; x_wconf 89' lang='lat' dir='ltr'><strong>reducta</strong></span> <span class='ocrx_word' id='word_1_43' title='bbox 370 1526 526 1606; x_wconf 82' lang='lat' dir='ltr'><strong>latescit3</strong></span> <span class='ocrx_word' id='word_1_44' title='bbox 561 1527 663 1590; x_wconf 91' lang='lat' dir='ltr'><strong>huius</strong></span> <span class='ocrx_word' id='word_1_45' title='bbox 696 1529 746 1592; x_wconf 89' lang='lat' dir='ltr'><strong>rei</strong></span> <span class='ocrx_word' id='word_1_46' title='bbox 777 1528 892 1611; x_wconf 85' lang='lat' dir='ltr'><strong>gratia</strong></span> <span class='ocrx_word' id='word_1_47' title='bbox 923 1529 1068 1591; x_wconf 88' lang='lat' dir='ltr'><strong>terrenis</strong></span> <span class='ocrx_word' id='word_1_48' title='bbox 1100 1528 1248 1591; x_wconf 89' lang='lat' dir='ltr'><strong>caduca-</strong></span> 
     </span>
     <span class='ocr_line' id='line_1_10' title="bbox 195 1627 1250 1710; baseline 0 -19"><span class='ocrx_word' id='word_1_49' title='bbox 195 1646 272 1691; x_wconf 89' lang='lat' dir='ltr'><strong>rum</strong></span> <span class='ocrx_word' id='word_1_50' title='bbox 289 1646 404 1691; x_wconf 90' lang='lat' dir='ltr'><strong>rerum</strong></span> <span class='ocrx_word' id='word_1_51' title='bbox 429 1627 714 1709; x_wconf 90' lang='lat' dir='ltr'><strong>possessionibus,</strong></span> <span class='ocrx_word' id='word_1_52' title='bbox 739 1647 875 1710; x_wconf 86' lang='lat' dir='ltr'><strong>semper</strong></span> <span class='ocrx_word' id='word_1_53' title='bbox 900 1646 1063 1691; x_wconf 91' lang='lat' dir='ltr'><strong>mansura</strong></span> <span class='ocrx_word' id='word_1_54' title='bbox 1079 1647 1250 1710; x_wconf 88' lang='lat' dir='ltr'><strong>supernae</strong></span> 
     </span>
     <span class='ocr_line' id='line_1_11' title="bbox 195 1726 1249 1810; baseline 0.001 -19"><span class='ocrx_word' id='word_1_55' title='bbox 195 1726 331 1810; x_wconf 86' lang='lat' dir='ltr'><strong>patriae</strong></span> <span class='ocrx_word' id='word_1_56' title='bbox 347 1727 579 1792; x_wconf 89' lang='lat' dir='ltr'><strong>emolumenta</strong></span> <span class='ocrx_word' id='word_1_57' title='bbox 603 1726 845 1808; x_wconf 66' lang='lat' dir='ltr'><strong>adipiscentes</strong></span> <span class='ocrx_word' id='word_1_58' title='bbox 861 1728 1001 1792; x_wconf 91' lang='lat' dir='ltr'><strong>domino</strong></span> <span class='ocrx_word' id='word_1_59' title='bbox 1022 1728 1176 1806; x_wconf 87' lang='lat' dir='ltr'><strong>iuuante,</strong></span> <span class='ocrx_word' id='word_1_60' title='bbox 1196 1730 1249 1792; x_wconf 91' lang='lat' dir='ltr'><strong>lu-</strong></span> 
     </span>
     <span class='ocr_line' id='line_1_12' title="bbox 195 1826 1249 1911; baseline 0.002 -21"><span class='ocrx_word' id='word_1_61' title='bbox 195 1846 340 1891; x_wconf 88' lang='lat' dir='ltr'><strong>cremur.</strong></span> <span class='ocrx_word' id='word_1_62' title='bbox 406 1826 628 1911; x_wconf 84' lang='lat' dir='ltr'><strong>Quapropter</strong></span> <span class='ocrx_word' id='word_1_63' title='bbox 656 1827 779 1891; x_wconf 85' lang='lat' dir='ltr'><strong>lubrici</strong></span> <span class='ocrx_word' id='word_1_64' title='bbox 808 1835 1009 1909; x_wconf 88' lang='lat' dir='ltr'><strong>potentatus</strong></span> <span class='ocrx_word' id='word_1_65' title='bbox 1037 1848 1106 1891; x_wconf 92' lang='lat' dir='ltr'><strong>uon</strong></span> <span class='ocrx_word' id='word_1_66' title='bbox 1133 1830 1249 1893; x_wconf 90' lang='lat' dir='ltr'><strong>imme-</strong></span> 
     </span>
     <span class='ocr_line' id='line_1_13' title="bbox 196 1927 1249 2011; baseline 0 -20"><span class='ocrx_word' id='word_1_67' title='bbox 196 1948 284 2006; x_wconf 89' lang='lat' dir='ltr'><strong>mor,</strong></span> <span class='ocrx_word' id='word_1_68' title='bbox 299 1947 365 2009; x_wconf 83' lang='lat' dir='ltr'><strong>ego</strong></span> <span class='ocrx_word' id='word_1_69' title='bbox 384 1927 603 2003; x_wconf 89' lang='lat' dir='ltr'><strong>Hardacnut‚</strong></span> <span class='ocrx_word' id='word_1_70' title='bbox 622 1927 762 1990; x_wconf 89' lang='lat' dir='ltr'><strong>Christo</strong></span> <span class='ocrx_word' id='word_1_71' title='bbox 780 1927 988 2005; x_wconf 87' lang='lat' dir='ltr'><strong>conferente,</strong></span> <span class='ocrx_word' id='word_1_72' title='bbox 1004 1948 1066 1991; x_wconf 88' lang='lat' dir='ltr'><strong>rex</strong></span> <span class='ocrx_word' id='word_1_73' title='bbox 1084 1936 1119 1991; x_wconf 89' lang='lat' dir='ltr'><strong>et</strong></span> <span class='ocrx_word' id='word_1_74' title='bbox 1135 1930 1249 2011; x_wconf 94' lang='lat' dir='ltr'><strong>primi-</strong></span> 
     </span>
     <span class='ocr_line' id='line_1_14' title="bbox 195 2025 1249 2110; baseline 0 -20"><span class='ocrx_word' id='word_1_75' title='bbox 195 2029 309 2092; x_wconf 89' lang='lat' dir='ltr'><strong>cerius</strong></span> <span class='ocrx_word' id='word_1_76' title='bbox 326 2025 519 2109; x_wconf 84' lang='lat' dir='ltr'><strong>Auglorum</strong></span> <span class='ocrx_word' id='word_1_77' title='bbox 545 2035 650 2110; x_wconf 89' lang='lat' dir='ltr'><strong>atque</strong></span> <span class='ocrx_word' id='word_1_78' title='bbox 667 2026 860 2104; x_wconf 90' lang='lat' dir='ltr'><strong>Danorum,</strong></span> <span class='ocrx_word' id='word_1_79' title='bbox 877 2030 921 2092; x_wconf 95' lang='lat' dir='ltr'><strong>ob</strong></span> <span class='ocrx_word' id='word_1_80' title='bbox 941 2029 1249 2095; x_wconf 86' lang='lat' dir='ltr'><strong>remunerationem</strong></span> 
     </span>
     <span class='ocr_line' id='line_1_15' title="bbox 197 2127 1247 2209; baseline 0 -19"><span class='ocrx_word' id='word_1_81' title='bbox 197 2127 357 2192; x_wconf 89' lang='lat' dir='ltr'><strong>coelestis</strong></span> <span class='ocrx_word' id='word_1_82' title='bbox 387 2127 543 2208; x_wconf 89' lang='lat' dir='ltr'><strong>praemii,</strong></span> <span class='ocrx_word' id='word_1_83' title='bbox 572 2127 821 2209; x_wconf 86' lang='lat' dir='ltr'><strong>aliquantulam</strong></span> <span class='ocrx_word' id='word_1_84' title='bbox 850 2129 939 2190; x_wconf 92' lang='lat' dir='ltr'><strong>ruris</strong></span> <span class='ocrx_word' id='word_1_85' title='bbox 974 2128 1180 2209; x_wconf 89' lang='lat' dir='ltr'><strong>particulam</strong></span> <span class='ocrx_word' id='word_1_86' title='bbox 1198 2145 1247 2192; x_wconf 87' lang='lat' dir='ltr'><strong>.x.</strong></span> 
     </span>
     <span class='ocr_line' id='line_1_16' title="bbox 196 2226 1249 2310; baseline 0.001 -20"><span class='ocrx_word' id='word_1_87' title='bbox 196 2226 330 2290; x_wconf 87' lang='lat' dir='ltr'><strong>scilicet</strong></span> <span class='ocrx_word' id='word_1_88' title='bbox 346 2245 508 2304; x_wconf 68' lang='lat' dir='ltr'><strong>mansas·</strong></span> <span class='ocrx_word' id='word_1_89' title='bbox 520 2227 597 2291; x_wconf 88' lang='lat' dir='ltr'><strong>loco</strong></span> <span class='ocrx_word' id='word_1_90' title='bbox 620 2228 679 2310; x_wconf 91' lang='lat' dir='ltr'><strong>qui</strong></span> <span class='ocrx_word' id='word_1_91' title='bbox 697 2227 823 2291; x_wconf 87' lang='lat' dir='ltr'><strong>celebri</strong></span> <span class='ocrx_word' id='word_1_92' title='bbox 842 2235 889 2290; x_wconf 85' lang='lat' dir='ltr'><strong>act</strong></span> <span class='ocrx_word' id='word_1_93' title='bbox 908 2227 1151 2308; x_wconf 83' lang='lat' dir='ltr'><strong>Fernbeorgan</strong></span> <span class='ocrx_word' id='word_1_94' title='bbox 1169 2247 1249 2309; x_wconf 92' lang='lat' dir='ltr'><strong>pro·</strong></span> 
     </span>
     <span class='ocr_line' id='line_1_17' title="bbox 196 2327 1250 2407; baseline 0 -17"><span class='ocrx_word' id='word_1_95' title='bbox 196 2327 318 2404; x_wconf 84' lang='lat' dir='ltr'><strong>fertur,</strong></span> <span class='ocrx_word' id='word_1_96' title='bbox 342 2327 386 2389; x_wconf 95' lang='lat' dir='ltr'><strong>ad</strong></span> <span class='ocrx_word' id='word_1_97' title='bbox 410 2327 611 2391; x_wconf 89' lang='lat' dir='ltr'><strong>aecclesiam</strong></span> <span class='ocrx_word' id='word_1_98' title='bbox 636 2328 760 2391; x_wconf 90' lang='lat' dir='ltr'><strong>beatae</strong></span> <span class='ocrx_word' id='word_1_99' title='bbox 778 2328 914 2392; x_wconf 89' lang='lat' dir='ltr'><strong>Mariae</strong></span> <span class='ocrx_word' id='word_1_100' title='bbox 931 2327 1107 2407; x_wconf 85' lang='lat' dir='ltr'><strong>genitricis</strong></span> <span class='ocrx_word' id='word_1_101' title='bbox 1131 2328 1186 2391; x_wconf 91' lang='lat' dir='ltr'><strong>dei</strong></span> <span class='ocrx_word' id='word_1_102' title='bbox 1209 2347 1250 2391; x_wconf 89' lang='lat' dir='ltr'><strong>ac</strong></span> 
     </span>
     <span class='ocr_line' id='line_1_18' title="bbox 197 2426 1250 2508; baseline -0.001 -17"><span class='ocrx_word' id='word_1_103' title='bbox 197 2426 328 2491; x_wconf 90' lang='lat' dir='ltr'><strong>domini</strong></span> <span class='ocrx_word' id='word_1_104' title='bbox 351 2427 460 2491; x_wconf 91' lang='lat' dir='ltr'><strong>nostri</strong></span> <span class='ocrx_word' id='word_1_105' title='bbox 478 2427 582 2491; x_wconf 91' lang='lat' dir='ltr'><strong>Ihesu</strong></span> <span class='ocrx_word' id='word_1_106' title='bbox 599 2426 740 2505; x_wconf 86' lang='lat' dir='ltr'><strong>Christi,</strong></span> <span class='ocrx_word' id='word_1_107' title='bbox 756 2428 817 2491; x_wconf 92' lang='lat' dir='ltr'><strong>illo</strong></span> <span class='ocrx_word' id='word_1_108' title='bbox 834 2428 870 2490; x_wconf 93' lang='lat' dir='ltr'><strong>in</strong></span> <span class='ocrx_word' id='word_1_109' title='bbox 895 2427 1017 2491; x_wconf 92' lang='lat' dir='ltr'><strong>locello</strong></span> <span class='ocrx_word' id='word_1_110' title='bbox 1040 2427 1099 2508; x_wconf 93' lang='lat' dir='ltr'><strong>qui</strong></span> <span class='ocrx_word' id='word_1_111' title='bbox 1122 2427 1250 2490; x_wconf 88' lang='lat' dir='ltr'><strong>dicitur</strong></span> 
     </span>
     <span class='ocr_line' id='line_1_19' title="bbox 196 2524 1249 2605; baseline -0.002 -14"><span class='ocrx_word' id='word_1_112' title='bbox 196 2524 403 2605; x_wconf 82' lang='lat' dir='ltr'><strong>Abbenduu,</strong></span> <span class='ocrx_word' id='word_1_113' title='bbox 432 2526 476 2591; x_wconf 92' lang='lat' dir='ltr'><strong>ad</strong></span> <span class='ocrx_word' id='word_1_114' title='bbox 504 2546 588 2590; x_wconf 91' lang='lat' dir='ltr'><strong>usus</strong></span> <span class='ocrx_word' id='word_1_115' title='bbox 613 2527 738 2591; x_wconf 91' lang='lat' dir='ltr'><strong>ibidem</strong></span> <span class='ocrx_word' id='word_1_116' title='bbox 763 2527 907 2591; x_wconf 86' lang='lat' dir='ltr'><strong>fratrum</strong></span> <span class='ocrx_word' id='word_1_117' title='bbox 932 2527 996 2590; x_wconf 91' lang='lat' dir='ltr'><strong>deo</strong></span> <span class='ocrx_word' id='word_1_118' title='bbox 1025 2527 1249 2591; x_wconf 90' lang='lat' dir='ltr'><strong>seruientium</strong></span> 
     </span>
     <span class='ocr_line' id='line_1_20' title="bbox 195 2627 1274 2710; baseline -0.001 -19"><span class='ocrx_word' id='word_1_119' title='bbox 195 2628 343 2692; x_wconf 88' lang='lat' dir='ltr'><strong>libenter</strong></span> <span class='ocrx_word' id='word_1_120' title='bbox 360 2627 530 2700; x_wconf 83' lang='lat' dir='ltr'><strong>conced03</strong></span> <span class='ocrx_word' id='word_1_121' title='bbox 554 2628 737 2692; x_wconf 88' lang='lat' dir='ltr'><strong>obsecrans</strong></span> <span class='ocrx_word' id='word_1_122' title='bbox 761 2635 796 2690; x_wconf 90' lang='lat' dir='ltr'><strong>et</strong></span> <span class='ocrx_word' id='word_1_123' title='bbox 822 2627 1036 2710; x_wconf 90' lang='lat' dir='ltr'><strong>praecipiens</strong></span> <span class='ocrx_word' id='word_1_124' title='bbox 1055 2627 1091 2690; x_wconf 93' lang='lat' dir='ltr'><strong>in</strong></span> <span class='ocrx_word' id='word_1_125' title='bbox 1113 2628 1250 2690; x_wconf 91' lang='lat' dir='ltr'><strong>nomine</strong></span> <span class='ocrx_word' id='word_1_126' title='bbox 1271 2692 1274 2698; x_wconf 73' lang='grc'><strong>,</strong></span> 
     </span>
     <span class='ocr_line' id='line_1_21' title="bbox 197 2726 1251 2810; baseline -0.002 -18"><span class='ocrx_word' id='word_1_127' title='bbox 197 2726 327 2792; x_wconf 83' lang='lat' dir='ltr'><strong>Christi</strong></span> <span class='ocrx_word' id='word_1_128' title='bbox 350 2734 390 2791; x_wconf 94' lang='lat' dir='ltr'><strong>ut</strong></span> <span class='ocrx_word' id='word_1_129' title='bbox 407 2746 507 2792; x_wconf 92' lang='lat' dir='ltr'><strong>nemo</strong></span> <span class='ocrx_word' id='word_1_130' title='bbox 522 2747 758 2792; x_wconf 91' lang='lat' dir='ltr'><strong>successorum</strong></span> <span class='ocrx_word' id='word_1_131' title='bbox 776 2735 971 2791; x_wconf 91' lang='lat' dir='ltr'><strong>nostrorum</strong></span> <span class='ocrx_word' id='word_1_132' title='bbox 989 2728 1176 2810; x_wconf 89' lang='lat' dir='ltr'><strong>superioris</strong></span> <span class='ocrx_word' id='word_1_133' title='bbox 1197 2727 1251 2790; x_wconf 93' lang='lat' dir='ltr'><strong>in·</strong></span> 
     </span>
     <span class='ocr_line' id='line_1_22' title="bbox 196 2826 1251 2910; baseline 0.001 -20"><span class='ocrx_word' id='word_1_134' title='bbox 196 2827 376 2892; x_wconf 84' lang='lat' dir='ltr'><strong>ieriorisue</strong></span> <span class='ocrx_word' id='word_1_135' title='bbox 392 2827 521 2909; x_wconf 76' lang='lat' dir='ltr'><strong>gradrm</strong></span> <span class='ocrx_word' id='word_1_136' title='bbox 537 2826 601 2891; x_wconf 89' lang='lat' dir='ltr'><strong>hoc</strong></span> <span class='ocrx_word' id='word_1_137' title='bbox 620 2837 759 2892; x_wconf 89' lang='lat' dir='ltr'><strong>nostrae</strong></span> <span class='ocrx_word' id='word_1_138' title='bbox 777 2828 971 2892; x_wconf 91' lang='lat' dir='ltr'><strong>deuotionis</strong></span> <span class='ocrx_word' id='word_1_139' title='bbox 988 2828 1116 2890; x_wconf 90' lang='lat' dir='ltr'><strong>donum</strong></span> <span class='ocrx_word' id='word_1_140' title='bbox 1134 2827 1251 2910; x_wconf 91' lang='lat' dir='ltr'><strong>aliquo</strong></span> 
     </span>
     <span class='ocr_line' id='line_1_23' title="bbox 196 2927 1251 3011; baseline 0 -21"><span class='ocrx_word' id='word_1_141' title='bbox 196 2927 403 2992; x_wconf 88' lang='lat' dir='ltr'><strong>temeritatis</strong></span> <span class='ocrx_word' id='word_1_142' title='bbox 428 2928 648 3011; x_wconf 84' lang='lat' dir='ltr'><strong>aliquatenus</strong></span> <span class='ocrx_word' id='word_1_143' title='bbox 672 2928 839 2992; x_wconf 88' lang='lat' dir='ltr'><strong>instinctu</strong></span> <span class='ocrx_word' id='word_1_144' title='bbox 859 2928 1063 3009; x_wconf 89' lang='lat' dir='ltr'><strong>disrumpat.</strong></span> <span class='ocrx_word' id='word_1_145' title='bbox 1116 2927 1153 2991; x_wconf 88' lang='lat' dir='ltr'><strong>Si</strong></span> <span class='ocrx_word' id='word_1_146' title='bbox 1172 2928 1251 3010; x_wconf 89' lang='lat' dir='ltr'><strong>quis</strong></span> 
     </span>
     <span class='ocr_line' id='line_1_24' title="bbox 196 3026 1251 3110; baseline 0 -20"><span class='ocrx_word' id='word_1_147' title='bbox 196 3046 281 3109; x_wconf 81' lang='lat' dir='ltr'><strong>ergo</strong></span> <span class='ocrx_word' id='word_1_148' title='bbox 312 3026 417 3093; x_wconf 90' lang='lat' dir='ltr'><strong>alium</strong></span> <span class='ocrx_word' id='word_1_149' title='bbox 447 3027 636 3091; x_wconf 88' lang='lat' dir='ltr'><strong>libellulum</strong></span> <span class='ocrx_word' id='word_1_150' title='bbox 674 3028 783 3092; x_wconf 86' lang='lat' dir='ltr'><strong>falsae</strong></span> <span class='ocrx_word' id='word_1_151' title='bbox 818 3028 1019 3110; x_wconf 88' lang='lat' dir='ltr'><strong>cupiditatis</strong></span> <span class='ocrx_word' id='word_1_152' title='bbox 1056 3034 1251 3090; x_wconf 87' lang='lat' dir='ltr'><strong>atramento</strong></span> 
     </span>
     <span class='ocr_line' id='line_1_25' title="bbox 196 3126 1250 3214; baseline -0.001 -23"><span class='ocrx_word' id='word_1_153' title='bbox 196 3127 459 3210; x_wconf 87' lang='lat' dir='ltr'><strong>praetitulatum</strong></span> <span class='ocrx_word' id='word_1_154' title='bbox 487 3133 609 3192; x_wconf 90' lang='lat' dir='ltr'><strong>contra</strong></span> <span class='ocrx_word' id='word_1_155' title='bbox 632 3128 738 3191; x_wconf 88' lang='lat' dir='ltr'><strong>istum</strong></span> <span class='ocrx_word' id='word_1_156' title='bbox 763 3129 796 3190; x_wconf 91' lang='lat' dir='ltr'><strong>in</strong></span> <span class='ocrx_word' id='word_1_157' title='bbox 826 3128 942 3209; x_wconf 90' lang='lat' dir='ltr'><strong>palam</strong></span> <span class='ocrx_word' id='word_1_158' title='bbox 969 3126 1162 3214; x_wconf 86' lang='lat' dir='ltr'><strong>protulerit,</strong></span> <span class='ocrx_word' id='word_1_159' title='bbox 1188 3147 1250 3190; x_wconf 90' lang='lat' dir='ltr'><strong>nec</strong></span> 
     </span>
     <span class='ocr_line' id='line_1_26' title="bbox 196 3226 1252 3309; baseline -0.001 -19"><span class='ocrx_word' id='word_1_160' title='bbox 196 3226 262 3290; x_wconf 91' lang='lat' dir='ltr'><strong>sibi</strong></span> <span class='ocrx_word' id='word_1_161' title='bbox 286 3246 349 3291; x_wconf 89' lang='lat' dir='ltr'><strong>nec</strong></span> <span class='ocrx_word' id='word_1_162' title='bbox 371 3246 454 3291; x_wconf 89' lang='lat' dir='ltr'><strong>suae</strong></span> <span class='ocrx_word' id='word_1_163' title='bbox 478 3226 637 3309; x_wconf 91' lang='lat' dir='ltr'><strong>proficiat</strong></span> <span class='ocrx_word' id='word_1_164' title='bbox 654 3228 831 3304; x_wconf 89' lang='lat' dir='ltr'><strong>auaritiae,</strong></span> <span class='ocrx_word' id='word_1_165' title='bbox 849 3228 910 3290; x_wconf 88' lang='lat' dir='ltr'><strong>sed</strong></span> <span class='ocrx_word' id='word_1_166' title='bbox 940 3244 961 3288; x_wconf 94' lang='lat' dir='ltr'><strong>a</strong></span> <span class='ocrx_word' id='word_1_167' title='bbox 985 3226 1104 3289; x_wconf 91' lang='lat' dir='ltr'><strong>diuino</strong></span> <span class='ocrx_word' id='word_1_168' title='bbox 1132 3227 1178 3289; x_wconf 94' lang='lat' dir='ltr'><strong>sit</strong></span> <span class='ocrx_word' id='word_1_169' title='bbox 1199 3227 1252 3289; x_wconf 88' lang='lat' dir='ltr'><strong>iu·</strong></span> 
     </span>
     <span class='ocr_line' id='line_1_27' title="bbox 197 3326 1250 3410; baseline -0.001 -20"><span class='ocrx_word' id='word_1_170' title='bbox 197 3333 402 3408; x_wconf 87' lang='lat' dir='ltr'><strong>perpetuum</strong></span> <span class='ocrx_word' id='word_1_171' title='bbox 427 3326 622 3410; x_wconf 83' lang='lat' dir='ltr'><strong>perforatus</strong></span> <span class='ocrx_word' id='word_1_172' title='bbox 652 3326 845 3409; x_wconf 84' lang='lat' dir='ltr'><strong>graphiolo,</strong></span> <span class='ocrx_word' id='word_1_173' title='bbox 872 3334 907 3389; x_wconf 88' lang='lat' dir='ltr'><strong>et</strong></span> <span class='ocrx_word' id='word_1_174' title='bbox 934 3327 1009 3408; x_wconf 91' lang='lat' dir='ltr'><strong>ipse</strong></span> <span class='ocrx_word' id='word_1_175' title='bbox 1036 3343 1114 3387; x_wconf 95' lang='lat' dir='ltr'><strong>meo</strong></span> <span class='ocrx_word' id='word_1_176' title='bbox 1145 3332 1250 3407; x_wconf 91' lang='lat' dir='ltr'><strong>atque</strong></span> 
     </span>
     <span class='ocr_line' id='line_1_28' title="bbox 197 3423 1251 3508; baseline -0.007 -14"><span class='ocrx_word' id='word_1_177' title='bbox 197 3445 351 3494; x_wconf 86' lang='lat' dir='ltr'><strong>meorum</strong></span> <span class='ocrx_word' id='word_1_178' title='bbox 378 3425 564 3494; x_wconf 88' lang='lat' dir='ltr'><strong>interdictu</strong></span> <span class='ocrx_word' id='word_1_179' title='bbox 583 3426 782 3507; x_wconf 89' lang='lat' dir='ltr'><strong>pontificum</strong></span> <span class='ocrx_word' id='word_1_180' title='bbox 805 3431 1004 3508; x_wconf 89' lang='lat' dir='ltr'><strong>permaneat</strong></span> <span class='ocrx_word' id='word_1_181' title='bbox 1022 3423 1251 3488; x_wconf 87' lang='lat' dir='ltr'><strong>anathemati-</strong></span> 
     </span>
     <span class='ocr_line' id='line_1_29' title="bbox 195 3524 1252 3608; baseline -0.001 -19"><span class='ocrx_word' id='word_1_182' title='bbox 195 3533 309 3604; x_wconf 79' lang='lat' dir='ltr'><strong>zatus,</strong></span> <span class='ocrx_word' id='word_1_183' title='bbox 320 3532 356 3589; x_wconf 89' lang='lat' dir='ltr'><strong>et</strong></span> <span class='ocrx_word' id='word_1_184' title='bbox 371 3544 394 3591; x_wconf 86' lang='lat' dir='ltr'><strong>a</strong></span> <span class='ocrx_word' id='word_1_185' title='bbox 410 3525 674 3590; x_wconf 87' lang='lat' dir='ltr'><strong>christianorum</strong></span> <span class='ocrx_word' id='word_1_186' title='bbox 690 3526 862 3590; x_wconf 90' lang='lat' dir='ltr'><strong>consortio</strong></span> <span class='ocrx_word' id='word_1_187' title='bbox 877 3526 1058 3603; x_wconf 89' lang='lat' dir='ltr'><strong>alienatus,</strong></span> <span class='ocrx_word' id='word_1_188' title='bbox 1073 3524 1214 3608; x_wconf 90' lang='lat' dir='ltr'><strong>insuper</strong></span> <span class='ocrx_word' id='word_1_189' title='bbox 1230 3545 1252 3588; x_wconf 91' lang='lat' dir='ltr'><strong>a</strong></span> 
     </span>
     <span class='ocr_line' id='line_1_30' title="bbox 196 3625 1251 3708; baseline -0.001 -20"><span class='ocrx_word' id='word_1_190' title='bbox 196 3644 341 3708; x_wconf 88' lang='lat' dir='ltr'><strong>corpore</strong></span> <span class='ocrx_word' id='word_1_191' title='bbox 355 3632 391 3690; x_wconf 93' lang='lat' dir='ltr'><strong>et</strong></span> <span class='ocrx_word' id='word_1_192' title='bbox 405 3644 427 3691; x_wconf 89' lang='lat' dir='ltr'><strong>a</strong></span> <span class='ocrx_word' id='word_1_193' title='bbox 441 3627 610 3707; x_wconf 82' lang='lat' dir='ltr'><strong>sanguiue</strong></span> <span class='ocrx_word' id='word_1_194' title='bbox 623 3627 752 3690; x_wconf 92' lang='lat' dir='ltr'><strong>domini</strong></span> <span class='ocrx_word' id='word_1_195' title='bbox 769 3632 1019 3708; x_wconf 64' lang='lat' dir='ltr'><strong>sequestratus</strong></span> <span class='ocrx_word' id='word_1_196' title='bbox 1028 3634 1064 3688; x_wconf 87' lang='lat' dir='ltr'><strong>et</strong></span> <span class='ocrx_word' id='word_1_197' title='bbox 1079 3625 1116 3687; x_wconf 94' lang='lat' dir='ltr'><strong>iu</strong></span> <span class='ocrx_word' id='word_1_198' title='bbox 1132 3626 1251 3706; x_wconf 87' lang='lat' dir='ltr'><strong>poeuis</strong></span> 
     </span>
     <span class='ocr_line' id='line_1_31' title="bbox 196 3724 1252 3810; baseline -0.001 -21"><span class='ocrx_word' id='word_1_199' title='bbox 196 3724 421 3789; x_wconf 85' lang='lat' dir='ltr'><strong>infernalibus</strong></span> <span class='ocrx_word' id='word_1_200' title='bbox 461 3733 541 3810; x_wconf 90' lang='lat' dir='ltr'><strong>post</strong></span> <span class='ocrx_word' id='word_1_201' title='bbox 583 3727 715 3790; x_wconf 92' lang='lat' dir='ltr'><strong>obitum</strong></span> <span class='ocrx_word' id='word_1_202' title='bbox 758 3724 997 3789; x_wconf 88' lang='lat' dir='ltr'><strong>miserabiliter</strong></span> <span class='ocrx_word' id='word_1_203' title='bbox 1032 3724 1252 3806; x_wconf 82' lang='lat' dir='ltr'><strong>dampnatus,</strong></span> 
     </span>
     <span class='ocr_line' id='line_1_32' title="bbox 198 3823 1253 3907; baseline -0.003 -18"><span class='ocrx_word' id='word_1_204' title='bbox 198 3824 246 3889; x_wconf 90' lang='lat' dir='ltr'><strong>Et</strong></span> <span class='ocrx_word' id='word_1_205' title='bbox 275 3832 316 3888; x_wconf 89' lang='lat' dir='ltr'><strong>ut</strong></span> <span class='ocrx_word' id='word_1_206' title='bbox 347 3825 523 3907; x_wconf 85' lang='lat' dir='ltr'><strong>praefatae</strong></span> <span class='ocrx_word' id='word_1_207' title='bbox 556 3825 689 3889; x_wconf 92' lang='lat' dir='ltr'><strong>telluris</strong></span> <span class='ocrx_word' id='word_1_208' title='bbox 721 3826 891 3888; x_wconf 88' lang='lat' dir='ltr'><strong>ruricolae</strong></span> <span class='ocrx_word' id='word_1_209' title='bbox 920 3823 1118 3887; x_wconf 90' lang='lat' dir='ltr'><strong>inuiolabile</strong></span> <span class='ocrx_word' id='word_1_210' title='bbox 1149 3825 1253 3886; x_wconf 93' lang='lat' dir='ltr'><strong>robur</strong></span> 
     </span>
    </p>
   </div>
   <div class='ocr_carea' id='block_1_5' title="bbox 195 3924 1254 4289">
    <p class='ocr_par' dir='ltr' id='par_1_5' title="bbox 195 3924 1254 4010">
     <span class='ocr_line' id='line_1_33' title="bbox 195 3924 1254 4010; baseline -0.002 -22"><span class='ocrx_word' id='word_1_211' title='bbox 195 3924 369 3989; x_wconf 82' lang='lat' dir='ltr'><strong>libertatis</strong></span> <span class='ocrx_word' id='word_1_212' title='bbox 384 3944 519 4010; x_wconf 88' lang='lat' dir='ltr'><strong>semper</strong></span> <span class='ocrx_word' id='word_1_213' title='bbox 533 3926 688 3989; x_wconf 88' lang='lat' dir='ltr'><strong>obtinere</strong></span> <span class='ocrx_word' id='word_1_214' title='bbox 702 3925 856 4001; x_wconf 90' lang='lat' dir='ltr'><strong>ualeant,</strong></span> <span class='ocrx_word' id='word_1_215' title='bbox 873 3924 981 4004; x_wconf 86' lang='lat' dir='ltr'><strong>regali</strong></span> <span class='ocrx_word' id='word_1_216' title='bbox 997 3924 1156 3986; x_wconf 87' lang='lat' dir='ltr'><strong>libertate</strong></span> <span class='ocrx_word' id='word_1_217' title='bbox 1172 3932 1254 3986; x_wconf 91' lang='lat' dir='ltr'><strong>sunt</strong></span> 
     </span>
    </p>

    <p class='ocr_par' dir='ltr' id='par_1_6' title="bbox 198 4022 1253 4109">
     <span class='ocr_line' id='line_1_34' title="bbox 198 4022 1253 4109; baseline -0.005 -18"><span class='ocrx_word' id='word_1_218' title='bbox 198 4032 384 4109; x_wconf 81' lang='lat' dir='ltr'><strong>praesepta</strong></span> <span class='ocrx_word' id='word_1_219' title='bbox 406 4027 450 4090; x_wconf 89' lang='lat' dir='ltr'><strong>ab</strong></span> <span class='ocrx_word' id='word_1_220' title='bbox 469 4025 562 4089; x_wconf 91' lang='lat' dir='ltr'><strong>omui</strong></span> <span class='ocrx_word' id='word_1_221' title='bbox 584 4025 754 4089; x_wconf 89' lang='lat' dir='ltr'><strong>saeculari</strong></span> <span class='ocrx_word' id='word_1_222' title='bbox 776 4026 870 4105; x_wconf 85' lang='lat' dir='ltr'><strong>iugo,</strong></span> <span class='ocrx_word' id='word_1_223' title='bbox 887 4023 1043 4103; x_wconf 88' lang='lat' dir='ltr'><strong>exceptis</strong></span> <span class='ocrx_word' id='word_1_224' title='bbox 1068 4022 1172 4086; x_wconf 91' lang='lat' dir='ltr'><strong>trium</strong></span> <span class='ocrx_word' id='word_1_225' title='bbox 1200 4043 1253 4086; x_wconf 91' lang='lat' dir='ltr'><strong>re-</strong></span> 
     </span>
    </p>

    <p class='ocr_par' dir='ltr' id='par_1_7' title="bbox 196 4123 1254 4289">
     <span class='ocr_line' id='line_1_35' title="bbox 196 4123 1254 4208; baseline -0.005 -17"><span class='ocrx_word' id='word_1_226' title='bbox 196 4144 276 4191; x_wconf 88' lang='lat' dir='ltr'><strong>rum</strong></span> <span class='ocrx_word' id='word_1_227' title='bbox 304 4125 486 4207; x_wconf 71' lang='lat' dir='ltr'><strong>obsequiis</strong></span> <span class='ocrx_word' id='word_1_228' title='bbox 520 4126 739 4206; x_wconf 88' lang='lat' dir='ltr'><strong>expeditione</strong></span> <span class='ocrx_word' id='word_1_229' title='bbox 772 4125 903 4187; x_wconf 89' lang='lat' dir='ltr'><strong>scilicet</strong></span> <span class='ocrx_word' id='word_1_230' title='bbox 934 4123 1106 4208; x_wconf 85' lang='lat' dir='ltr'><strong>populari,</strong></span> <span class='ocrx_word' id='word_1_231' title='bbox 1137 4123 1254 4187; x_wconf 89' lang='lat' dir='ltr'><strong>uiatici</strong></span> 
     </span>
     <span class='ocr_line' id='line_1_36' title="bbox 248 4240 1104 4289; baseline -0.006 0"><span class='ocrx_word' id='word_1_232' title='bbox 248 4240 399 4289; x_wconf 68' lang='lat' dir='ltr'><strong>nourr.</strong></span> <span class='ocrx_word' id='word_1_233' title='bbox 1085 4240 1104 4284; x_wconf 85' lang='lat' dir='ltr'><strong>r</strong></span> 
     </span>
    </p>
   </div>
   <div class='ocr_carea' id='block_1_6' title="bbox 0 0 1462 4890">
    <p class='ocr_par' dir='ltr' id='par_1_8' title="bbox 0 0 1462 4890">
     <span class='ocr_line' id='line_1_37' title="bbox 0 0 1462 4890; baseline 0 0"><span class='ocrx_word' id='word_1_234' title='bbox 0 0 1462 4890; x_wconf 95' lang='lat' dir='ltr'><strong> </strong></span> 
     </span>
    </p>
   </div>
  </div>
 </body>
</html>
