2902 4890
419 376 594 425 cnnnrnn
628 375 967 424 nnonosnxonrcnn.
1162 361 1226 423 ld?

170 531 407 608 Brinlrcwrba,
425 540 518 597 terra
534 537 588 595 est
602 548 646 596 .v.
663 531 833 610 hidarum,
858 533 946 597 hanc
963 532 1057 596 dedit
1082 533 1222 614 quidam

169 634 224 695 uir
239 632 364 696 nobilis
380 631 496 695 Leossi
518 630 664 695 nomine.
718 631 807 696 Item
826 632 953 715 Hewy‚
970 641 1061 697 terra
1083 641 1136 696 est
1155 650 1220 695 .xr.

56 728 61 733 ’
168 731 339 808 hidarum,
353 730 442 795 banc
459 730 552 794 dedit
570 729 735 795 AEbelred
761 750 834 795 rex.
889 731 977 795 Item
998 733 1074 814 ipsa
1091 732 1222 796 aecolo-

168 832 222 895 sia
249 838 346 895 tenct
367 830 524 895 Litletun
550 836 643 894 terra
670 836 723 893 est
746 848 793 895 .v.
816 831 986 908 hidarum,
1012 831 1100 894 banc
1127 831 1221 895 dedit

169 928 357 995 Uuenobus
375 928 559 994 AEbelredo
586 948 755 1010 regesne
783 938 968 995 annuente.
1020 931 1096 1012 Ego
1114 931 1221 1012 igitur

169 1028 384 1095 Eadwardus
413 1030 469 1095 dei
495 1029 728 1094 misericordia
754 1028 949 1111 Anglorum
979 1050 1054 1108 rex,
1069 1030 1220 1095 concedo

168 1136 275 1212 atque
295 1128 469 1212 praecipio
494 1129 658 1212 quatinus
686 1130 855 1193 aecclesia
879 1131 948 1194 ista
976 1131 1023 1194 sit
1055 1129 1163 1194 libera
1184 1137 1219 1194 et

167 1230 289 1311 quieta
313 1230 358 1294 ab
382 1230 476 1294 omni
506 1228 671 1292 mundiali
692 1229 786 1309 iugo,
810 1230 953 1307 scilicet,
976 1230 1019 1293 de
1039 1230 1160 1293 schiris
1182 1237 1218 1294 et

167 1328 367 1405 hundredis,
378 1335 415 1393 et
436 1329 573 1412 placitis
587 1336 622 1393 et
637 1329 821 1411 quaerelis,
833 1336 868 1392 et
881 1331 1038 1393 omnibus
1056 1329 1166 1411 geldis
1182 1338 1217 1393 et

167 1428 494 1503 consuetudinibus;
531 1429 681 1492 concedo
703 1429 807 1492 etiarn
830 1430 862 1492 ei
883 1429 1076 1495 libertatern
1098 1429 1217 1510 plena-

167 1528 267 1605 riam,
292 1529 328 1593 id
357 1535 412 1593 est
440 1547 557 1592 sacam
583 1535 619 1592 et
643 1546 772 1604 socam,
800 1527 851 1592 tol
880 1535 916 1592 et
942 1536 1024 1605 tem,
1046 1536 1081 1593 et
1105 1528 1215 1592 infan-

166 1628 326 1710 gene'def,
347 1626 556 1706 monbriche,
578 1626 779 1704 hamsokne,
799 1627 943 1691 forstell.
999 1626 1217 1710 Quicumque

167 1748 253 1809 ergo
277 1728 368 1792 hanc
391 1736 545 1793 nostram
566 1727 785 1791 donationem
806 1746 867 1791 seu
890 1728 1084 1792 libertatem
1100 1747 1217 1791 serua-

167 1829 271 1905 uerit,
286 1827 453 1910 perducat
469 1847 547 1891 eum
562 1822 719 1890 dominus
734 1827 777 1889 ad
796 1827 925 1907 gandia
938 1827 1108 1893 Paradisi.
1146 1826 1216 1904 Qui

167 1946 253 1992 uero
277 1929 534 2008 contempserit,
560 1926 678 2008 ligatis
707 1928 865 1990 manibus
893 1933 928 1990 et
957 1929 1101 2009 pedibus
1130 1946 1217 1990 rner-

166 2034 272 2109 gatur
292 2026 329 2091 in
350 2025 558 2109 profundum
579 2025 714 2090 inferni.
766 2024 859 2090 Acta
884 2034 938 2090 est
955 2027 1039 2090 hacc
1060 2027 1217 2109 praefata

168 2126 309 2191 libertas
337 2145 427 2189 anno
450 2126 640 2190 dominicae
661 2126 908 2190 incarnationis
924 2126 1105 2189 millesimo
1120 2142 1216 2189 mxv.

167 2225 354 2290 indictione
382 2241 464 2291 .1111.
486 2225 553 2289 hiis
577 2227 723 2289 testibus
752 2225 1044 2290 consentientibus
1069 2245 1217 2308 quorum

167 2325 310 2390 inferius
326 2326 518 2391 recitantur
533 2327 683 2390 nomina.

224 2428 263 2507 »14
284 2424 360 2507 Ego
377 2424 592 2490 Eadwardus
614 2445 677 2489 rex
695 2424 887 2506 Anglorum
905 2425 1095 2507 praefatam
1110 2425 1218 2488 dona·

168 2525 297 2589 tionem
323 2545 401 2589 cum
435 2526 536 2589 titulo
563 2534 705 2588 sanctae
732 2527 843 2589 crucis
875 2524 1075 2588 confirmaui
1100 2533 1136 2588 et
1166 2526 1218 2588 in-

167 2625 346 2706 pressione
375 2624 481 2706 sigilli
513 2625 580 2688 mci
614 2625 836 2688 consolidaui.
909 2627 948 2706 »14
983 2624 1059 2706 Ego
1085 2623 1218 2706 Eadgib

167 2725 287 2806 regina
310 2725 468 2789 consensi
498 2732 533 2788 et
560 2724 710 2788 laudaui.
784 2726 823 2805 »14
845 2725 920 2804 Ego
941 2723 1086 2805 Stigand
1110 2725 1218 2789 arcbi-

166 2825 350 2907 episcopus
372 2824 571 2906 subscripsi.
628 2826 667 2905 »14
683 2824 758 2906 Ego
776 2824 920 2888 Ealdsirs
941 2824 1219 2908 archiepiscopus

168 2925 340 2989 roboraui.
405 2923 1119 3007 ›1‹EgoHeremanepisoopusadquieui.
1175 2930 1214 3009 »14

169 3024 246 3106 Ego
276 3023 414 3088 Leofric
446 3025 628 3106 episcopus
659 3024 829 3105 impressi.
902 3026 941 3105 »14
962 3025 1036 3106 Ego
1052 3025 1219 3108 Wyllelm

167 3124 350 3207 episcopus
365 3122 447 3186 sani.
508 3126 547 3205 »14
570 3123 646 3204 Ego
664 3123 799 3187 Harold
817 3123 888 3187 dux
906 3125 1118 3188 confir-mani.
1174 3128 1213 3207 »14

168 3225 246 3307 Ego
261 3222 362 3288 Tosti
384 3224 456 3287 dux
482 3223 677 3287 carraxaui.
744 3226 783 3305 »14
804 3224 880 3304 Ego
896 3220 992 3304 Gyrb
1022 3223 1094 3286 dux
1119 3243 1219 3306 prae-

167 3323 318 3388 titulaui.
374 3322 1014 3405 »1⁴EgoLeoswyneduxsubarraui.
1081 3325 1120 3404 »14
1141 3323 1218 3404 Ego

169 3424 386 3488 AEttelno’dus
410 3423 518 3486 abbas
547 3423 746 3504 subscripsi.
817 3425 856 3504 »14
884 3422 961 3503 Ego
982 3420 1086 3506 Alwy
1112 3425 1220 3488 abbas

167 3523 367 3605 subscripsi.
438 3524 477 3603 »14
498 3522 574 3604 Ego
593 3521 739 3586 Ordrich
767 3524 873 3586 abbas
903 3521 1102 3604 subscripsi.
1174 3528 1213 3607 »14

168 3624 247 3706 Ego
259 3622 438 3704 AEtlelsige
452 3623 559 3686 abbas
575 3624 773 3706 subscripsi.
829 3625 868 3704 »14
883 3621 1094 3704 EgoWlsric
1111 3624 1218 3688 abbas

167 3722 368 3805 subscripsi.
439 3724 478 3803 »14
501 3722 577 3803 Ego
593 3721 786 3787 Bribtricus
812 3723 919 3786 abbas
945 3725 1219 3805 supranominati

169 3823 324 3890 coenobii
351 3821 451 3887 lectis
485 3828 520 3886 et
551 3821 734 3903 diligenter
774 3823 998 3904 perscrutatis
1031 3823 1218 3888 aecclesiae

170 3931 308 3989 nostrae
322 3922 428 3986 cartis
448 3921 537 3985 hanc
554 3921 728 3987 scedulam
751 3922 880 3986 dictaui
904 3931 939 3986 et
958 3924 1098 4006 propria
1114 3943 1218 3988 manu

168 4023 357 4104 conscripsi
380 4029 416 4086 et
436 4042 514 4085 cum
536 4022 636 4087 titulo
655 4023 871 4088 uenerandae
890 4024 1001 4086 crucis
1019 4022 1220 4088 confirmaui

168 4122 362 4189 coadunaui
378 4129 413 4187 et
428 4121 593 4187 conclusi.
