2902 4890
453 347 626 397 cannula
651 346 996 400 nuanosnxouronn.
1189 338 1257 407 273

197 515 279 573 cant
300 516 335 573 et
363 506 573 592 repleantur.
626 507 673 572 Et
700 527 719 571 e
743 508 918 574 contrario
941 509 971 573 si
999 510 1164 592 quisunt
1193 515 1254 596 qui

197 610 277 674 huic
296 629 392 674 meae
413 607 590 674 donationi
621 627 744 672 nocere
766 608 891 673 uolunt
915 611 972 673 uel
989 611 1166 675 aduersari
1182 632 1256 678 mo·

197 710 329 774 liuntur
350 712 386 774 in
411 709 617 793 profundum
645 709 769 773 inferni
792 709 1000 774 descendant
1026 711 1195 790 uiuentes,
1219 722 1255 779 et

198 811 374 894 perpetuis
406 811 525 894 poenis
554 810 742 892 mancipati
774 809 937 875 iudicium
972 811 1112 876 ultionis
1144 815 1254 894 perci-

198 911 297 994 piant
312 931 389 976 cum
411 911 538 993 impiis,
563 910 629 973 nisi
653 917 734 975 ante
756 919 902 975 mortem
919 912 961 975 ad
980 911 1253 978 satisfactionem

197 1013 355 1077 uenerint
386 1019 423 1076 et
449 1019 583 1075 reatum
614 1030 715 1075 suum
747 1019 975 1092 agnoscentes
1007 1012 1253 1095 poenitentiam

198 1113 341 1194 egerint.

663 1207 783 1220 -

542 1328 907 1398 DCCCCXXXIX.

612 1449 841 1546 cadunio.

252 1616 290 1695 ›1‹
311 1613 388 1676 Euo
400 1612 578 1677 Leofricus
595 1633 709 1678 comes
726 1612 881 1679 cestriae
897 1614 1042 1680 concilio
1058 1624 1093 1681 et
1108 1615 1250 1684 licentia

196 1713 287 1794 regis
295 1713 480 1780 Eadwardi
492 1721 527 1778 et
537 1711 729 1778 Alexandri
741 1734 853 1797 papae
864 1717 924 1799 qui
939 1716 1021 1781 mihi
1033 1716 1152 1782 literas
1167 1738 1250 1784 suas

196 1813 286 1877 infra
303 1815 448 1897 scriptas
474 1814 581 1893 misit,
597 1834 674 1879 cum
698 1815 813 1896 sigillo
835 1824 870 1881 et
887 1816 1084 1882 testimonio
1101 1819 1248 1883 aliorum

195 1914 431 1995 religiosorum
452 1915 604 1979 uirorum
622 1922 694 1980 tam
719 1915 882 1980 laicorum
905 1935 1010 2000 quam
1033 1918 1248 1998 clericorum,

195 2014 395 2078 aecclesiam
413 2014 619 2080 Oouentriae
635 2016 785 2079 dedicari
801 2016 868 2080 feci
893 2017 929 2079 in
951 2016 1113 2081 honorem
1136 2018 1191 2084 dei
1212 2028 1248 2085 et

196 2121 337 2179 sanctae
354 2115 487 2179 Mariae
511 2115 687 2197 genitricis
710 2116 784 2180 eius
804 2124 839 2180 et
855 2116 966 2180 sancti
982 2115 1078 2181 Petri
1096 2121 1247 2201 apostoli

194 2221 230 2279 et
259 2222 400 2279 sanctae
423 2215 610 2298 Osburgae.
629 2214 774 2298 uirginis
801 2223 837 2282 et
862 2217 1013 2282 omnium
1035 2225 1247 2286 sauctorum.

196 2313 275 2378 Has
297 2315 403 2396 igitur
428 2316 554 2399 uiginti
578 2325 727 2398 quatuor
742 2316 845 2381 uillas
867 2337 937 2382 una
959 2337 1036 2382 cum
1062 2318 1246 2385 medietate

195 2415 299 2480 uillae
318 2414 537 2494 Couentriae,
558 2418 594 2480 in
625 2436 693 2500 qua
724 2416 869 2481 fundata
899 2423 952 2482 est
980 2419 1057 2501 ipsa
1078 2419 1246 2485 aecclesia

193 2515 303 2580 eidem
318 2516 504 2581 aecclesiae
520 2517 663 2582 attribui
678 2517 722 2582 ad
734 2519 913 2582 seruitium
929 2517 984 2581 dei
1000 2526 1035 2583 et
1052 2518 1096 2582 ad
1115 2519 1244 2586 uictum

194 2623 230 2680 et
257 2617 424 2681 uestitum
450 2617 585 2681 abbatis
611 2624 646 2681 et
672 2618 917 2682 monachorum
951 2618 986 2681 in
1014 2618 1133 2683 eodem
1165 2620 1243 2686 loco

195 2715 260 2781 deo
295 2716 529 2795 seruientium,
560 2717 732 2796 uidelicet,
768 2717 987 2800 Honington,
1018 2719 1244 2801 Newenham,

195 2815 485 2900 Chaddeleshunt,
518 2818 699 2895 Ichenton,
726 2817 893 2898 Olufton,
916 2818 1054 2898 Sullam,
1083 2819 1246 2887 Greenes-

195 2917 319 3000 burgh,
345 2917 594 3001 Burtingbury,
619 2919 776 2984 Merston
801 2920 902 2984 iuxta
928 2917 1100 3000 Auonam,
1128 2921 1245 2988 Herd-

195 3016 297 3096 wike,
313 3018 538 3100 Wasperton,
567 3018 783 3096 chesterton,
811 3019 949 3097 Sullam,
979 3020 1122 3104 Ruyton
1146 3024 1245 3087 dimi-

196 3117 288 3183 dium
315 3117 407 3195 Sow,
431 3118 590 3184 Merston
611 3119 646 3183 in
665 3118 880 3183 Glocestriae
902 3118 1026 3196 schira,
1047 3119 1244 3205 Salewarpe

193 3216 477 3302 in'Wigornensi
505 3219 695 3303 prouincia,
727 3218 841 3282 Eaton
871 3219 972 3282 iuxta
1002 3238 1126 3302 aquam
1153 3241 1243 3303 quae

192 3318 318 3384 dicitur
343 3319 418 3384 Dee
441 3319 477 3383 in
494 3320 650 3385 Cestriae
680 3320 868 3402 prouincia,
888 3318 1068 3402 Kyldeshy
1083 3326 1119 3384 et
1133 3320 1245 3404 Wyn·

195 3417 296 3502 wyke
321 3419 358 3484 in
381 3419 635 3504 Hamptonensi
667 3421 856 3502 prouincia,
884 3420 1060 3499 Burhagh‚
1084 3421 1246 3498 Barwell‚

196 3518 403 3602 Scraptofte‚
431 3528 466 3585 et
494 3520 705 3604 Pakyngton
732 3521 767 3585 in
801 3520 1028 3584 Leicestrensi
1057 3520 1245 3602 prouincia.

196 3617 274 3683 Has
314 3628 429 3686 autem
460 3620 562 3685 uillas
594 3640 671 3685 cum
698 3620 882 3685 medietate
914 3620 1111 3703 praedictae
1142 3621 1246 3686 uillae

103 3773 108 3782 .
196 3721 295 3784 trado
322 3721 403 3784 huic
429 3721 638 3786 monasterio
660 3740 737 3784 cum
757 3739 840 3784 saca
865 3728 899 3784 et
924 3739 1030 3784 socna
1054 3725 1089 3783 et
1110 3720 1246 3784 teloneo

194 3827 230 3885 et
254 3820 381 3897 themo,
402 3840 481 3885 cum
505 3822 677 3898 libertate,
701 3827 736 3884 et
761 3821 919 3884 omnibus
942 3820 1245 3885 consuetudinibus

196 3921 335 4003 ubique,
361 3921 452 3984 sicut
478 3940 537 3984 eas
565 3941 587 3986 a
610 3941 691 4002 rege
718 3920 910 3985 Eadwardo
937 3920 1060 3983 melius
1093 3939 1247 4002 unquam

195 4022 302 4087 tenui.
349 4020 465 4085 Huius
496 4040 580 4103 ergo
602 4022 651 4085 rei
682 4026 788 4084 testes
817 4020 1019 4083 extiterunt.
1061 4018 1247 4101 'Inprimis

193 4122 257 4189 'rex
283 4118 508 4200 Eadwardus‚
534 4120 641 4188 Eadsi
666 4119 945 4203 archiepiscopus
973 4117 1248 4200 Cantuariensis,

245 4239 331 4286 rou.
345 4238 394 4286 ιν.
682 4265 684 4269 .
1074 4235 1098 4288 'r
