2902 4890
195 355 260 423 112
448 372 620 421 cnlnrnn
646 373 988 424 ruccosnxourcnn.

197 549 286 613 quae
304 529 369 595 suit
385 530 570 613 AEgelwini
587 530 784 595 ealderman
800 531 836 594 in
851 530 971 594 eadem
985 529 1092 609 uilla3
1114 529 1248 594 aeccle-

197 631 284 695 siam
312 632 354 695 dc
377 630 594 696 Randewrtte
618 651 696 694 cum
720 639 813 695 terra
840 650 929 712 quae
948 629 1014 695 fuit
1034 629 1250 712 AEgelwardi

196 732 410 815 presbyteri3
436 731 636 796 aecclesiam
661 731 771 795 sancti
799 730 943 795 Martini
965 730 1008 794 de
1028 729 1248 808 Shotcsham,

197 848 273 894 oum
299 837 391 894 terra
417 850 506 914 quae
532 832 598 896 suit
615 830 791 895 Brihtrich
815 831 850 894 in
873 831 992 895 eadem
1020 830 1123 910 uilla;
1148 837 1183 893 et
1211 831 1248 893 in

195 929 429 995 Graues-uilla
465 938 591 996 terram
624 930 667 994 de
691 930 892 1014 Tybenham
920 949 1009 1013 quae
1038 930 1103 994 fuit
1127 931 1251 1012 AEgel-

195 1031 275 1094 wini
291 1030 498 1096 ealderman.
551 1032 677 1096 Omnia
693 1033 800 1113 igitur
815 1050 904 1114 quae
920 1029 1097 1113 praedicta
1113 1030 1248 1094 aeccle-

195 1132 248 1194 sia
265 1132 300 1194 in
320 1133 494 1215 praesenti
511 1132 677 1215 possidet,
699 1133 773 1195 siue
799 1132 834 1194 in
851 1130 966 1195 futuro
990 1151 1035 1194 ex
1050 1130 1141 1195 dono
1163 1131 1250 1194 fide-

194 1229 278 1294 lium
301 1232 475 1314 possidere
494 1233 634 1314 poterit,
658 1239 729 1295 tam
754 1232 790 1294 in
814 1230 963 1315 propriis
983 1231 1162 1295 uocabulis
1183 1251 1246 1294 ex·

195 1351 313 1414 pressa
345 1351 448 1414 quam
478 1351 547 1396 non
578 1351 755 1415 expressa,
790 1331 896 1395 libere
931 1338 966 1395 et
995 1331 1110 1414 quiete
1136 1331 1248 1394 eidem

194 1431 380 1495 aecclesiae
402 1431 607 1515 possidenda
629 1432 789 1509 concedo,
804 1430 983 1515 ipsamque
1005 1430 1180 1495 abbatiam
1198 1432 1249 1494 in-

194 1539 290 1612 tegre
310 1533 354 1594 ab
373 1534 465 1595 omni
483 1533 652 1596 saeculari
677 1533 820 1596 seruitio
842 1538 877 1594 et
900 1539 1072 1614 potestate
1092 1530 1248 1596 delibero

193 1632 229 1695 in
254 1631 499 1715 cuiuscumque
530 1639 703 1715 potestate
721 1632 781 1705 ,uel
804 1630 981 1695 hundredo
1008 1632 1248 1714 possessiones

194 1731 308 1808 habet,
332 1752 394 1814 pro
422 1733 534 1796 salute
563 1733 697 1796 animae
731 1751 828 1796 meae
863 1739 898 1795 et
927 1738 1183 1796 antecessorum
1210 1740 1247 1798 et

193 1839 408 1915 posterorum
422 1851 584 1896 meorum.
626 1833 673 1897 Et
685 1831 762 1895 ideo
774 1831 854 1895 uolo
868 1839 903 1894 et
915 1831 1057 1895 firmiter
1069 1832 1246 1915 praecipio

194 1933 285 2015 quod
308 1932 475 1996 aecclesia
496 1931 609 1996 sancti
628 1932 806 1995 Benedicti
828 1930 871 1994 de
887 1931 1007 2008 Holm,
1029 1933 1065 1995 in
1087 1934 1247 1997 omnibus

192 2033 466 2116 possessionibus
498 2033 570 2095 suis
603 2032 795 2114 ubicunque
820 2032 900 2108 sint,
927 2032 1053 2097 habeat
1082 2032 1186 2096 sache
1209 2039 1245 2097 et

194 2131 314 2209 sokne,
325 2139 360 2196 et
371 2132 434 2196 toll
448 2139 483 2196 et
499 2132 625 2209 theam,
640 2139 675 2196 et
689 2131 961 2213 infangenebeof,
981 2133 1245 2214 etg1·i’6breche,

194 2241 229 2296 et
246 2233 400 2309 forestal,
416 2239 451 2295 et
464 2231 555 2309 dom,
572 2240 607 2296 et
624 2253 710 2310 som,
724 2240 759 2296 ct
774 2231 869 2297 wrek
886 2233 921 2296 in
939 2233 1026 2296 mari
1042 2241 1078 2297 et
1094 2233 1246 2298 inlitora

194 2333 298 2396 maris
332 2333 426 2398 etin
458 2334 614 2414 portibus
643 2334 760 2409 mariS,
790 2341 825 2397 et
852 2331 1052 2410 hamsokne,
1087 2339 1122 2396 et
1146 2333 1245 2397 blod-

194 2433 287 2509 wite,
318 2440 354 2496 et
380 2432 545 2515 fliowyte,
581 2440 616 2497 et
646 2432 814 2510 ferdwite,
843 2441 878 2496 et
908 2432 1172 2510 flemmeneserd,
1208 2440 1245 2498 et

194 2533 393 2615 hauerpeni,
410 2533 653 2616 etwardpen13
678 2540 712 2597 et
738 2541 876 2614 praeter
903 2532 988 2596 haec'
1011 2551 1128 2596 omnes
1155 2533 1243 2596 alias

192 2634 370 2698 libertates
386 2641 419 2697 et
435 2633 561 2697 liberas
579 2634 841 2698 consuetudines
859 2653 945 2716 quas
960 2653 1024 2715 ego
1042 2634 1115 2715 ipse
1132 2632 1242 2697 habeo

194 2735 228 2798 in
256 2734 432 2797 dominicis
465 2734 566 2798 terris
599 2734 684 2796 meis
712 2741 747 2796 et
776 2734 968 2798 elemosinis
993 2735 1242 2817 pertinentibus

194 2854 339 2899 coronae
358 2853 463 2898 meae.
517 2833 563 2897 Et
580 2832 665 2897 haec
688 2834 814 2897 habeat
831 2834 998 2898 aecclesia
1014 2833 1191 2915 praedicta
1207 2837 1244 2900 in

193 2935 309 3011 bosco,
327 2935 362 2997 in
377 2935 493 3016 plano,
511 2940 546 2997 et
563 2935 683 3016 pratis,
704 2940 740 2997 et
760 2934 910 3016 pascuiS,
925 2940 960 2997 et
976 2934 1192 3013 molendinis,
1208 2945 1243 3001 et

195 3034 369 3111 turbariis,
385 3041 420 3098 et
439 3034 583 3114 stagnis
610 3039 644 3097 et
661 3033 814 3109 uiuariis
839 3039 874 3096 et
890 3034 969 3110 uiis,
988 3040 1023 3097 et
1040 3035 1183 3110 semitis,
1206 3036 1242 3100 in

194 3135 280 3199 mari
297 3141 331 3199 et
348 3134 383 3196 in
409 3134 566 3216 portibus
589 3135 705 3210 maris,
727 3133 763 3195 in
784 3133 951 3211 mariscis,
974 3134 1063 3196 etin
1086 3153 1188 3217 aqua,
1207 3144 1244 3202 et

194 3241 293 3300 extra
310 3254 446 3316 aquam,
464 3235 499 3296 iu
518 3233 611 3297 seriis
627 3241 662 3298 et
679 3233 851 3310 mercatis
866 3234 901 3296 in
918 3234 1060 3297 ciuitate
1075 3242 1110 3298 et
1127 3243 1241 3313 extra,

192 3337 228 3399 in
245 3336 353 3415 burgo
375 3343 410 3398 et
432 3340 533 3397 extra
551 3335 711 3414 burgum,
736 3340 772 3396 et
798 3334 833 3396 in
857 3334 1015 3397 omnibus
1038 3333 1135 3398 locis.
1188 3335 1244 3401 Sit

192 3436 295 3501 etiam
329 3436 589 3515 praenominata
623 3433 791 3496 aecclesia
821 3432 929 3497 libera
962 3438 998 3497 et
1028 3434 1148 3515 quieta
1180 3454 1245 3516 per

194 3542 302 3601 totam
329 3531 492 3615 Angliam
525 3531 567 3596 de
592 3531 678 3609 thol,
703 3539 738 3596 et
769 3533 895 3596 habeat
923 3533 1073 3614 regalem
1098 3533 1244 3599 liberam

193 3633 367 3701 licentiam
389 3633 535 3696 ducendi
557 3639 591 3695 et
617 3631 777 3714 portandi
800 3633 917 3696 omnia
938 3653 1002 3696 sua
1024 3651 1245 3717 quocumque

196 3733 343 3802 uoluerit
372 3734 428 3796 uel
461 3751 600 3796 necesse
631 3732 754 3810 iirerit3
790 3732 841 3796 ita
867 3739 907 3796 ut
940 3733 1065 3815 aliquis
1097 3733 1134 3795 in
1168 3741 1245 3800 tota

198 3835 338 3919 Anglia,
364 3832 436 3898 thol
468 3832 524 3894 uel
554 3831 704 3914 aliquam
734 3832 838 3895 aliam
870 3832 1153 3897 consuetudinem
1180 3856 1246 3917 pro

197 3939 297 4004 rebus
314 3935 385 3999 suis
408 3934 450 3997 ab
470 3951 512 3996 ea
534 3951 603 3994 non
620 3939 818 4012 praesumat
832 3933 984 4014 exigere,
997 3952 1058 3997 seu
1075 3934 1112 3996 ui
1126 3942 1246 4000 extor-

195 4056 312 4123 quere.
356 4035 403 4099 Et
414 4032 577 4116 prohibeo
594 4051 637 4094 ne
655 4031 733 4113 quis
751 4051 855 4114 super
866 4030 930 4095 hoc
948 4033 1112 4114 scriptum
1131 4053 1245 4101 meum

195 4148 230 4206 rt
256 4135 361 4219 sigilli
387 4133 453 4198 mei
484 4131 779 4215 protestationem,
809 4132 903 4195 illam
930 4132 1135 4215 inquietare,
1166 4155 1244 4217 per-
