2902 4890
254 367 320 433 148
519 383 691 431 cunnum
714 381 1056 432 incnosuxomcin.

256 543 439 626 episcopus
470 561 675 606 consensum
701 541 856 624 praebui.
936 543 974 624 ›1‹
999 541 1075 622 Ego
1093 537 1310 603 Reinbaldus

257 644 483 708 cancellarius
500 642 749 724 consigillando
766 641 982 706 commodum
1006 641 1111 705 duxiae'
1172 642 1211 723 ›1‹
1233 638 1312 721 Ego

259 743 464 824 Switgarius
488 743 643 806 notarius
672 743 804 825 scripsi.
874 744 912 823 ›1‹
931 742 1009 823 Ego
1030 740 1162 806 AElsius
1190 740 1310 804 abbas.

263 846 302 927 ›1‹
324 844 400 924 Ego
418 844 605 907 Eadwinus
621 844 740 906 abbas,
807 845 846 924 ›1‹
865 842 942 923 Ego
960 842 1176 924 AEgelwinus
1191 840 1311 904 abbas.

264 946 302 1025 ›1‹
326 943 402 1025 Ego
420 942 647 1010 Baldewinna
668 944 786 1007 abbas.
860 945 898 1024 ›1‹
920 942 996 1023 Ego
1011 940 1171 1006 Alwinus
1203 941 1312 1005 abhas

257 1044 323 1120 hoc
345 1064 458 1107 meum
481 1043 685 1107 desiderium
708 1042 751 1107 ad
775 1042 964 1125 perfectum
987 1042 1118 1106 adduxi
1141 1048 1176 1106 et
1193 1060 1216 1104 a
1232 1060 1314 1121 rege

258 1143 414 1208 hilariter
440 1144 585 1226 suscepi.
649 1145 688 1226 ›1‹
717 1143 793 1224 Ego
817 1141 994 1207 Leofricus
1021 1142 1104 1206 dux.
1175 1143 1213 1222 ›1‹
1236 1140 1314 1221 Ego

261 1243 440 1307 Haroldus
465 1244 549 1308 dux.
622 1245 660 1326 ›1‹
684 1242 761 1325 Ego
788 1242 986 1307 Leofwinus
1016 1242 1101 1308 dux.
1175 1244 1213 1323 ›1‹
1237 1240 1314 1322 Ego

261 1344 449 1408 Eadwinus
463 1343 546 1408 dux.
604 1345 643 1426 ›1‹
660 1342 737 1423 Ego
754 1342 952 1424 Hugelinus
968 1341 1210 1406 cubicularius.
1268 1342 1309 1423 ›1‹

260 1444 337 1525 Ego
355 1444 538 1525 Eadgarus
554 1443 706 1508 stallere.
764 1446 803 1525 ›1‹
818 1443 895 1524 Ego
911 1443 1087 1507 Robertus
1104 1441 1195 1505 filius
1205 1438 1315 1506 Witt-

260 1563 351 1609 man.
409 1547 447 1626 ›1‹
470 1543 546 1624 Ego
563 1543 734 1625 Wigodus
749 1543 792 1607 de
807 1541 986 1607 Lincolno.

726 1679 846 1691 ——-.

703 1766 883 1832 DCCCX.

565 1888 897 2002 *ninwnnnm
919 1920 1016 1984 1061.

312 2048 350 2127 ›1‹
368 2044 414 2109 ΙΝ
429 2045 566 2111 nomine
577 2045 632 2108 dei
646 2053 681 2109 ct
693 2043 822 2108 domini
834 2045 944 2108 nostri
956 2044 1061 2108 Ihesu
1074 2043 1215 2119 Christi,
1226 2062 1318 2106 anno

263 2164 346 2209 uero
373 2145 565 2211 dominicae
596 2143 843 2209 incarnationis
867 2160 998 2208 maxi.
1019 2164 1084 2226 ego
1103 2143 1318 2207 Eadwardus

264 2245 378 2325 gratia
390 2245 530 2311 fauente
546 2246 789 2327 omnipotentis
805 2245 859 2308 dei
876 2265 939 2308 rex
953 2241 1321 2324 assistensAngligen-

265 2364 362 2407 arum
377 2366 468 2409 anno
478 2353 602 2410 octauo
612 2346 744 2409 decimo
756 2344 949 2408 cosmicalis
961 2345 1027 2408 mei
1038 2344 1173 2426 imperii
1186 2343 1319 2412 scilicet

265 2464 286 2507 a
300 2465 433 2509 summo
447 2465 528 2527 rege
540 2446 599 2528 qui
613 2455 718 2527 caput
733 2451 890 2509 nostrum
908 2453 1045 2509 constat
1057 2443 1140 2507 mihi
1158 2444 1319 2525 quamuis

264 2545 405 2626 indigno
438 2545 701 2622 accommodari,
733 2544 812 2607 dum
844 2545 1045 2627 plerumque
1079 2563 1252 2607 cernerem
1284 2550 1321 2609 et

266 2646 432 2709 attentius
450 2647 639 2727 cogitarem
665 2645 706 2708 de
732 2644 834 2709 huius
857 2646 958 2708 rebus
980 2644 1088 2708 cosmi
1109 2644 1320 2708 transitoriis

266 2751 371 2827 atque
387 2744 524 2808 caducis
539 2751 574 2809 et
587 2745 759 2826 quomodo
773 2744 914 2826 superni
931 2745 1053 2808 iudicis
1070 2744 1213 2809 arbitrio
1227 2763 1321 2808 uana

266 2852 391 2908 cuncta
408 2863 448 2908 ac
465 2844 639 2926 superflua
655 2845 910 2926 redarguuntur
924 2852 1028 2926 atque
1047 2845 1270 2926 dissipantur,
1286 2851 1322 2910 et

266 2944 366 3026 quasi
390 2953 516 3008 uentus
545 2953 607 3009 aut
628 2944 829 3025 fumigantis
851 2945 943 3026 ignis
964 2965 1074 3028 uapor
1096 2952 1321 3023 euanescunt,

266 3044 455 3107 secundum
475 3045 560 3108 iliud
578 3046 671 3127 quod
688 3045 867 3127 apostolus
884 3044 1016 3109 Paulus
1039 3045 1075 3108 in
1096 3063 1197 3109 sacra
1212 3045 1322 3127 scrip-

266 3151 345 3214 tura
376 3144 471 3207 clara
502 3145 759 3227 praedicatione
784 3145 990 3227 pronunciat
1012 3145 1139 3219 dicens,
1171 3144 1323 3212 ‘Omnia

268 3264 357 3326 quae
380 3245 413 3307 in
433 3244 498 3308 hoc
515 3245 642 3309 mundo
661 3245 821 3309 uidentur
839 3245 1043 3328 temporalia
1063 3264 1103 3308 ac
1121 3245 1323 3313 transitoria

267 3350 360 3421 sunt,
383 3364 471 3426 quae
497 3352 611 3409 autem
640 3365 709 3409 non
733 3345 895 3409 uidentur
922 3344 1084 3409 aeterna?
1136 3343 1243 3408 Cuius
1274 3346 1322 3411 rei

267 3445 382 3527 gratia
398 3465 474 3509 cum
492 3464 661 3509 consensu
679 3465 831 3511 meorum
855 3444 1006 3508 fidelium
1022 3445 1167 3509 caeteris
1184 3444 1323 3512 fanonis

266 3545 345 3608 ibus
369 3546 435 3607 mei
457 3545 554 3625 regni
578 3546 794 3626 primatibus
811 3544 915 3610 tribui
932 3544 1103 3627 quandam
1122 3544 1241 3610 uillam
1259 3567 1321 3610 no·

268 3645 359 3707 mine
379 3644 559 3724 Otregiam
585 3651 726 3709 sanctae
754 3644 810 3707 dei
838 3644 996 3726 genitrici
1022 3663 1225 3727 semperque
1251 3646 1323 3710 uir-

268 3745 340 3825 gini
373 3743 509 3808 Mariae
541 3743 813 3825 Rodomagensis
853 3745 1005 3809 ciuitatis
1039 3764 1102 3828 pro
1137 3744 1251 3809 salute
1287 3754 1323 3812 et

268 3844 502 3925 redemptione
520 3845 655 3908 animae
677 3864 786 3920 meae,
806 3852 842 3909 et
860 3852 899 3909 ut
921 3845 998 3930 ipsa
1022 3846 1069 3910 sit
1091 3845 1322 3913 interuentrix

269 3963 331 4025 pro
368 3943 513 4025 piaculis
548 3945 632 4008 meis
665 3945 757 4026 apud
788 3945 963 4008 dominum
993 3952 1149 4009 nostrum
1182 3945 1324 4013 Ihesum

269 4041 458 4120 Christum,
476 4063 577 4126 quem
600 4045 676 4125 ipsa
704 4045 804 4125 uirgo
829 4044 871 4108 de
903 4045 1027 4127 spiritu
1053 4052 1175 4110 sancto
1201 4049 1325 4128 genuit

268 4142 496 4208 incarnatum.
550 4143 642 4222 Quid
659 4144 782 4226 plurai
803 4164 880 4207 cum
898 4145 1056 4210 omnibus
1078 4163 1168 4228 quae
1189 4147 1254 4210 rito
1277 4149 1323 4213 ad
