2902 4890
192 353 257 418 128
451 364 621 416 cnnnrnu
647 364 984 415 nuenosnxouionu.

193 525 296 594 habet
312 527 348 601 in
367 526 461 589 dicta
480 523 565 588 uilla
584 531 619 587 et
635 523 671 585 in
689 523 820 604 campis
841 524 915 587 eius
933 531 967 587 et
989 521 1145 587 mariscis
1164 526 1249 588 abs-

194 645 262 709 que
281 626 353 689 ullo
378 626 421 688 de
440 624 598 687 omnibus
623 623 861 686 retinemento.
916 623 1005 686 Item
1027 621 1147 686 Gouse
1172 624 1248 687 Ga·

194 726 326 797 melsun
349 732 384 789 et
406 730 516 788 totam
542 722 717 803 sequelam
739 741 838 784 suam
860 741 938 785 cum
960 723 1118 786 omnibus
1146 725 1248 787 bonis

193 829 229 901 et
244 824 379 887 catallis
403 842 492 905 quae
513 821 617 885 habet
634 821 778 885 indicta
799 821 883 884 uilla
905 822 996 884 etin
1018 823 1149 903 campis
1172 824 1249 886 eius

193 928 229 991 et
239 923 394 988 mariscis
408 923 538 1003 absque
553 921 624 984 ullo
640 920 682 982 de
696 919 854 983 omuibus
867 921 1102 987 retinemento.
1150 921 1247 984 Istos

191 1040 313 1103 seruos
337 1040 444 1097 meos,
470 1028 505 1084 et
532 1019 648 1084 omnia
674 1019 765 1082 bona
790 1026 825 1082 et
855 1019 983 1082 catalla
1011 1039 1141 1096 eorum,
1168 1041 1248 1084 cum

194 1122 351 1184 omuibus
375 1119 522 1200 cotagiis
544 1118 715 1201 quondam
743 1118 839 1194 meis,
864 1118 1002 1181 situatis
1024 1117 1060 1181 in
1086 1120 1247 1184 orientali

195 1226 294 1300 parte
311 1219 461 1282 fluminis
478 1217 570 1281 circa
590 1217 739 1297 ligneam
758 1216 926 1299 capellam
949 1225 1090 1282 sanctae
1110 1218 1247 1285 Mariae

196 1319 231 1381 in
248 1318 332 1381 uilla
349 1318 392 1380 de
408 1316 598 1399 Spaldyng,
616 1317 659 1378 ab
677 1315 833 1397 antiquo,
847 1314 1095 1398 Croylandensi
1111 1337 1249 1382 monas·

193 1418 281 1480 terio
300 1418 537 1499 pertinentem,
561 1435 639 1477 cum
662 1416 818 1478 omnibus
841 1415 972 1477 iuribus
989 1424 1024 1479 et
1042 1416 1119 1479 aliis
1142 1419 1247 1482 rebus

162 1550 166 1553 ·
194 1516 480 1597 appendentibus,
504 1514 583 1577 dedi
605 1514 669 1576 deo
694 1520 729 1576 et
751 1520 872 1576 sancto
898 1513 1071 1589 Gu’alaca
1091 1515 1134 1579 ad
1161 1535 1245 1580 cou-

194 1616 418 1679 structionem
433 1614 629 1696 praedictae
644 1611 763 1688 cellae,
779 1631 849 1674 una
865 1631 942 1674 cum
959 1614 1116 1676 omnibus
1130 1615 1245 1696 pisca·

195 1715 346 1777 tionibus
367 1713 453 1776 meis
476 1721 547 1776 tam
570 1712 606 1774 in
626 1712 781 1774 mariscis
804 1710 1050 1788 adiacentibus,
1078 1732 1182 1794 quam
1209 1715 1246 1777 in

194 1812 282 1876 mari
299 1813 485 1877 addictam
502 1811 622 1874 uillam
640 1810 836 1886 accedente,
853 1811 887 1872 iu
910 1810 1053 1874 liberam
1069 1819 1105 1875 et
1122 1832 1245 1895 perpe·

195 1919 290 1976 tuam
307 1912 557 1994 eleemosynam
581 1929 704 1985 meam,
724 1929 786 1991 pro
803 1909 916 1973 salute
938 1911 1074 1974 animae
1091 1930 1188 1975 meae
1209 1920 1246 1977 et

195 2011 385 2074 animarum
397 2011 547 2073 omnium
564 2009 823 2090 progenitorum
836 2016 871 2071 et
885 2017 1065 2090 parentum
1079 2029 1244 2074 meorum.

197 2109 298 2174 Istud
313 2129 425 2173 meum
444 2107 711 2190 chirographum
726 2107 819 2188 apud
836 2107 1069 2189 Leycestriam
1090 2109 1125 2171 in
1144 2130 1245 2191 prae-

193 2210 305 2274 sentia
321 2209 507 2272 multorum
526 2205 657 2271 Christi
674 2205 839 2281 fidelium,
855 2207 981 2270 ibidem
994 2208 1031 2270 in
1048 2206 1103 2271 die
1120 2218 1246 2274 sancto

195 2307 421 2372 Pentecostes
459 2307 693 2382 collectorum,
731 2324 821 2368 anno
860 2305 1049 2369 dominicae
1089 2306 1247 2372 incarna-

195 2408 300 2472 tionis
320 2424 418 2471 mm.

250 2510 289 2589 »14
310 2507 385 2588 Ego
410 2504 583 2570 Doroldus
606 2506 707 2586 signo
730 2511 872 2568 sanctae
895 2505 1008 2568 crucis
1030 2506 1244 2572 confirmaui.

201 2609 240 2688 »14
263 2607 341 2687 Ego
357 2606 508 2670 Wlfinus
524 2606 706 2687 episcopus
721 2605 1015 2667 Dorcacistrensis
1029 2605 1243 2669 confirmaui.

86 2761 89 2767 .
200 2708 239 2787 »14
273 2705 349 2786 Ego
368 2705 556 2784 Wulgatus
588 2705 694 2766 abbas
730 2701 960 2785 Croylandiae
995 2704 1149 2784 gaudens
1187 2725 1245 2768 ac·

194 2805 343 2885 ceptaui.
401 2806 440 2885 »14
464 2802 540 2882 Ego
563 2801 760 2865 Leofwinus
787 2802 895 2865 abbas
916 2804 1148 2885 Dorneyensis
1171 2804 1244 2868 col-

194 2902 344 2965 laudaui.
402 2904 441 2983 »14
465 2901 541 2981 Ego
559 2899 736 2965 Leofri'cus
753 2920 867 2964 comes
884 2903 1047 2966 concessi.
1104 2904 1143 2983 »14
1166 2903 1245 2984 Ego

195 3001 335 3065 Godiua
350 2999 526 3064 comitissa
548 3001 607 3064 diu
628 2999 720 3064 istud
738 2999 941 3063 desideraui.
1000 3004 1039 3083 »14
1061 3001 1137 3082 Ego
1154 3003 1244 3066 AElf-

195 3119 301 3182 garus
323 3119 436 3164 comes
456 3100 625 3163 consensi.
681 3101 720 3180 »14
750 3099 826 3179 Ego
847 3099 1025 3163 Turnerus
1043 3100 1244 3182 capellanus

195 3199 322 3263 domini
347 3200 414 3262 mei
431 3199 553 3263 Wlfini
575 3199 727 3280 episcopi
751 3197 1053 3262 Dorcacestrensis
1079 3217 1244 3280 praesens

194 3299 288 3363 affui.
346 3301 385 3379 »14
408 3297 485 3379 Ego
506 3298 697 3362 Wulnarus
721 3298 920 3379 capellanus
939 3298 1090 3361 eiusdem
1114 3299 1243 3365 domini

195 3399 262 3462 mei
278 3397 400 3462 Wlfini
423 3397 575 3480 episcopi
600 3395 804 3460 auscultaui.
860 3399 899 3478 »14
921 3396 997 3478 Ego
1019 3395 1164 3462 Sitricus
1184 3420 1244 3464 ca·

195 3499 351 3580 pellanus
383 3495 466 3560 dicti
494 3495 622 3559 domini
655 3495 721 3558 mei
752 3494 874 3559 Wlfini
904 3497 1038 3578 aspexi.
1104 3500 1143 3579 »14
1165 3499 1244 3580 Ego

195 3595 386 3661 Stanardus
403 3594 559 3657 minister
580 3593 708 3658 domini
727 3593 794 3656 mei
813 3594 948 3658 comitis
971 3594 1118 3659 Leofrici
1135 3597 1244 3660 inter·

195 3696 256 3759 fui.
313 3695 352 3774 »14
374 3693 451 3773 Ego
472 3692 581 3757 Fulco
603 3693 792 3756 monachus
812 3690 1043 3775 croylandiae
1069 3696 1242 3779 applausi.

201 3797 240 3876 »14
263 3793 339 3874 Ego
355 3790 503 3872 Pigotus
518 3791 707 3855 monachus
723 3792 948 3858 Dorneiensis
962 3796 1141 3876 conspexi.
1197 3799 1238 3878 »14

196 3894 273 3973 Ego
290 3891 457 3971 Liuingus
477 3889 623 3955 clericus
637 3891 728 3954 istud
750 3891 1015 3973 chirographum
1036 3913 1141 3957 manu
1164 3915 1243 3961 mea

194 3991 318 4072 scripsi
350 3998 385 4055 et
419 3990 557 4053 domino
592 4009 668 4053 meo
703 3989 858 4054 Doroldo
888 3990 1083 4056 uicecomiti
1116 3994 1242 4059 tradidi

195 4090 371 4173 praedicto
397 4089 565 4170 Wuigato
592 4088 709 4152 abbati
733 4088 962 4170 croylandiae
995 4092 1037 4155 de
1069 4111 1173 4158 mauu
1205 4096 1242 4158 iu

195 4207 334 4254 manum
349 4188 557 4253 donandum.
