2902 4890
409 370 585 419 enarras
611 369 954 420 auouosnxomenn.
1142 358 1209 423 237

155 523 310 589 obediret
337 533 372 590 et
395 526 585 591 obediendo
611 534 801 591 creatorem
831 528 1025 593 honoraret.
1078 527 1208 594 Deinde

154 625 359 690 succedente
392 628 615 709 generatione
648 627 683 690 in
718 628 975 708 generationem
1008 630 1139 712 templa
1173 638 1208 693 et

155 724 341 789 aecclesias
363 725 436 790 fieri
460 728 687 803 constituens
704 727 746 790 de
764 727 923 810 primitiis
946 737 982 791 et
1003 729 1142 794 decimis
1166 749 1207 793 ac

156 823 197 886 de
227 825 425 889 substantia
464 845 548 890 suae
579 827 774 907 largitionis
813 845 872 889 eas
903 827 938 889 in
971 828 1107 892 nomine
1144 848 1208 893 suo

155 922 316 987 honorari
346 924 543 1008 praecepit3
571 926 712 1007 insuper
739 932 774 989 et
805 945 866 1007 per
895 928 1113 1009 euangelium
1142 949 1206 993 nos

154 1022 327 1086 instruens
349 1024 410 1102 ait,
424 1029 435 1059 ‘
449 1025 698 1089 Thesaurizate
717 1026 817 1088 uobis
835 1025 1015 1091 thesauros
1033 1028 1068 1091 in
1089 1027 1208 1105 coelo‚'

154 1128 189 1185 et
211 1122 354 1205 reliqna.
408 1123 631 1207 Quapropter
652 1144 718 1207 ego
737 1124 950 1189 Eadwardus
973 1127 1065 1209 regis
1088 1149 1207 1209 regum

154 1222 269 1302 gratia
285 1242 348 1286 rex
374 1230 410 1286 et
437 1223 629 1306 Anglorum
645 1225 806 1308 princeps
822 1232 901 1307 post
918 1226 1057 1308 longam
1084 1228 1207 1292 exilia·

154 1321 281 1384 tionem
324 1322 432 1386 solius
475 1324 667 1387 miserentis
699 1324 755 1387 dei
789 1337 875 1388 nutu
915 1325 951 1388 in
988 1346 1095 1408 regno
1130 1348 1205 1392 meo

153 1440 312 1484 reuersus
333 1429 369 1486 et
387 1423 424 1486 in
448 1421 536 1487 solio
557 1430 696 1506 patrum
719 1443 870 1487 meorum
890 1424 1053 1502 residens,
1076 1427 1208 1491 aeccle-

153 1520 240 1584 siam
263 1539 367 1603 quam
393 1521 534 1587 hortatu
550 1523 643 1588 beati
662 1521 851 1604 Augustini
870 1543 933 1588 rex
950 1525 1153 1591 AEttelberbt
1172 1528 1208 1591 in

154 1619 282 1684 honore
316 1622 551 1704 apostolorum
586 1623 683 1686 Petri
713 1629 749 1686 et
784 1622 887 1686 Pauli
923 1643 944 1686 a
983 1623 1207 1692 fundamento

154 1719 333 1784 constituit
350 1719 563 1804 diuersisque
583 1722 681 1786 donis
697 1721 835 1799 ditauit,
848 1723 884 1786 in
902 1743 971 1806 qua
987 1724 1097 1807 ipsius
1114 1727 1206 1808 regis

154 1826 189 1883 et
214 1818 365 1883 omnium
399 1821 639 1903 episcoporum
671 1819 818 1885 Cantiae
849 1841 890 1886 ac
910 1843 1030 1904 regum
1062 1844 1208 1906 corpora

153 1918 235 2001 poni
258 1927 412 2001 possent,
430 1939 509 1983 cum
526 1921 684 1984 omnibus
704 1922 916 2003 appendiciis
933 1922 990 1984 uel
1007 1922 1207 1987 adiacentiis

154 2019 226 2081 suis
248 2019 391 2082 liberam
410 2040 486 2084 esse
501 2039 617 2084 annuo
641 2027 676 2084 et
693 2027 820 2084 statuo.
875 2019 991 2098 Quum
1010 2022 1145 2103 quidem
1170 2024 1206 2086 in

153 2117 273 2181 eadem
297 2119 465 2183 aecclesia
486 2119 706 2202 supradictus
725 2139 788 2183 rex
815 2119 973 2184 conditus
998 2120 1089 2184 iacet
1114 2122 1206 2186 eius-

153 2237 220 2300 que
253 2218 372 2300 stirpis
405 2219 586 2300 progenita
622 2219 686 2284 deo
721 2219 847 2283 dilecta
884 2219 1068 2302 requiescit
1104 2222 1205 2302 uirgo

153 2316 345 2391 Mildreda3
385 2337 451 2399 ego
483 2319 587 2382 etiam
618 2319 770 2383 eiusdem
802 2320 894 2400 regis
931 2326 1077 2384 stemate
1108 2328 1206 2384 ortus

154 2423 190 2479 et
210 2434 317 2497 regno
343 2417 417 2480 eius
444 2417 508 2482 deo
535 2418 676 2481 iuuante
710 2418 842 2501 potitus
872 2418 1027 2482 Tanatos
1057 2419 1205 2483 insulam

153 2515 266 2592 mado,
284 2535 385 2599 quam
401 2516 603 2598 Hegbertus
620 2538 683 2580 rex
700 2517 774 2581 iure
791 2517 1018 2581 haereditario
1036 2521 1208 2584 concessit

154 2615 343 2679 uenerabili
367 2616 508 2698 reginae
537 2617 751 2694 Domneuae,
777 2616 881 2680 matri
912 2617 1043 2680 scilicet
1065 2627 1207 2684 sanctae

156 2714 359 2791 Mildrettae,
378 2725 545 2798 quantum
565 2736 668 2780 cerua
697 2736 800 2780 cursu
823 2735 885 2780 suo
911 2717 1120 2782 lustranerat
1143 2738 1206 2800 pro

154 2814 416 2896 interemptione
448 2816 594 2880 duomm
624 2816 770 2879 fratmm
801 2816 874 2879 eius
890 2816 1068 2881 AEttelredi
1103 2826 1207 2899 atque

156 2913 360 2991 AEttelberti,
383 2934 470 2996 quos
497 2916 593 2978 iussu
618 2916 768 2979 eiusdem
791 2915 954 2998 principis
978 2916 1042 2980 deo
1070 2918 1207 2982 odibilis

155 3013 302 3077 Thunur
314 3014 433 3097 iniqua
450 3016 576 3080 strauit
590 3023 713 3092 morte,
727 3034 829 3098 quem
842 3035 925 3079 mox
940 3016 1098 3079 coelestis
1116 3017 1206 3082 ulcio

155 3112 353 3177 terribiliter
383 3115 569 3178 subsecuta
602 3123 656 3179 est
688 3116 800 3197 ipsum
834 3114 1054 3195 perimend0;
1079 3115 1139 3179 sed
1171 3123 1207 3180 et

155 3230 274 3276 omnes
295 3212 499 3278 donationes
525 3215 779 3297 possessionum
808 3213 863 3275 uel
887 3212 1092 3276 facultatum
1117 3231 1205 3296 quas

154 3312 268 3395 prisco
286 3313 360 3376 siue
377 3313 542 3379 moderno
560 3319 712 3397 tempore
728 3312 1009 3396 praedecessores
1023 3312 1090 3377 mei
1108 3331 1207 3395 reges

101 3429 105 3435 ’
155 3410 265 3477 eidem
289 3412 477 3477 aecclesiae
504 3413 737 3488 contulerunt,
760 3419 795 3475 et
823 3432 888 3494 ego
911 3412 1008 3493 regia
1034 3419 1207 3493 potestate

154 3513 333 3590 contrado,
354 3520 459 3594 atque
482 3511 580 3575 firma
608 3510 853 3594 astipulatione
880 3530 958 3574 cum
982 3530 1150 3575 consensu
1172 3518 1207 3576 et

156 3611 351 3676 testimonio
383 3613 634 3695 episcoporum,
662 3611 797 3689 ducum,
820 3611 1013 3694 principum
1039 3618 1074 3674 et
1102 3612 1207 3675 satel-

155 3710 256 3775 litum
279 3731 445 3790 meornm,
470 3712 588 3775 abbati
609 3710 783 3774 AElfstano
811 3729 852 3774 ac
878 3709 1055 3773 monachis
1081 3709 1206 3774 ibidem

155 3810 221 3874 sub
256 3811 377 3891 regula
406 3810 499 3874 beati
524 3811 704 3875 Benedicti
729 3810 864 3873 abbatis
888 3809 952 3872 deo
980 3808 1206 3875 militantibus

157 3909 201 3973 ad
218 3909 377 3973 habenda
397 3916 432 3975 et
452 3910 656 3992 perimenda
678 3909 743 3973 sibi
764 3913 930 3992 perpetua
947 3908 1107 3972 libertate
1126 3928 1207 3973 con-

156 4009 303 4072 stituens
320 4009 484 4073 attribuo.
538 4009 575 4072 Si
596 4009 651 4072 cui
674 4028 757 4071 uero
779 4007 863 4070 haec
880 4006 1019 4087 largitio
1038 4006 1207 4088 displicet,

156 4106 212 4171 uel
234 4107 264 4171 si
286 4107 375 4190 quis,
394 4108 486 4190 quod
510 4108 613 4185 absit,
630 4108 719 4170 hanc
742 4106 959 4170 donationem
986 4104 1060 4168 zelo
1083 4105 1206 4171 ductus
