2902 4890
192 363 236 428 38
440 373 613 423 canarno
635 372 980 421 naonosnxomoau.

197 528 268 603 nott
287 535 497 618 arcebiscop,
520 532 585 597 and
605 522 758 595 AEllstan
790 530 916 607 abbud,
936 529 1002 593 and
1023 548 1061 593 se
1085 529 1184 594 hired
1209 540 1262 596 eet

195 647 313 703 sancte
336 634 543 718 Augustino,
567 631 634 696 aud
660 622 814 696 Bribtrio
837 619 1260 713 gednga,andAE’601ric

195 739 354 820 bigenga,
391 734 458 799 and
491 739 587 797 Doro
617 731 799 815 Duroylles
830 731 920 807 nefa,
950 730 1019 795 and
1051 729 1143 807 Toii,
1185 732 1261 796 and

199 838 361 902 AElswine
387 825 517 918 preost,
543 832 610 896 and
634 820 802 896 Eadwold
829 821 961 914 pretist,
983 829 1050 895 and
1074 829 1165 894 ealle
1185 829 1262 896 baes

197 956 326 1022 cynges
359 926 560 1000 riedesmen.
618 930 698 996 And
725 933 821 997 aissa
851 932 997 1013 gewrita
1022 928 1159 1014 syndon
1189 946 1260 996 nu.

198 1030 245 1103 aa
261 1037 292 1101 is
309 1043 355 1101 aet
373 1035 505 1100 Cristes
526 1032 676 1116 cyrican,
693 1033 761 1096 and
783 1032 825 1094 in
846 1040 893 1097 aet
907 1038 1027 1098 sancte
1043 1028 1261 1114 Augustino,

200 1139 268 1202 and
286 1129 332 1203 an
346 1134 439 1201 haeft
456 1125 606 1215 Eadsige
621 1133 690 1196 mid
707 1132 778 1196 him
795 1130 918 1216 sylfan.

665 1298 786 1307 ——--

619 1429 858 1495 DCGXLVI.

597 1580 747 1658 CNUT,
769 1579 865 1645 1032.

254 1737 293 1816 ›1‹
314 1733 399 1797 Pax
427 1740 463 1799 et
486 1733 633 1797 uictoria
656 1730 869 1814 apostolicae
896 1729 975 1794 fidei
997 1729 1034 1793 in
1051 1737 1263 1812 perpetuum

205 1833 411 1899 cultoribus!
442 1831 642 1896 Aecclesiae
657 1851 741 1896 uero
756 1830 948 1895 catholicae
960 1829 1150 1894 auctoritas
1165 1828 1263 1911 iugis

206 1943 243 1999 et
261 1934 433 1998 indefessa
457 1940 617 2016 optamus
643 1942 682 1996 ut
703 1937 922 2015 permaneat,
952 1930 996 1994 ad
1019 1949 1119 1996 sacra
1140 1939 1262 1996 autom

207 2032 407 2100 sanctuaria
428 2034 465 2096 in
498 2033 625 2097 domini
655 2031 904 2115 gazophylacio
933 2031 1071 2096 diuersa
1096 2032 1262 2097 iubentur

207 2135 329 2200 iactari
352 2153 393 2198 ao
416 2132 530 2198 offerri
546 2132 762 2209 munuscula,
780 2132 862 2214 quia
884 2133 958 2214 regi
981 2138 1065 2196 nato
1086 2133 1262 2197 coelorum

209 2243 250 2299 ut
271 2236 437 2318 scriptum
459 2241 525 2310 est,
549 2232 690 2314 ‘Reges
720 2239 833 2297 terrae
861 2232 1061 2313 optulerunt
1093 2227 1262 2298 munera.²

213 2336 314 2400 Unde
340 2354 405 2417 ego
431 2332 524 2397 Cnut
552 2334 626 2398 eius
657 2335 812 2416 gratuita
833 2332 1053 2396 miseratione
1076 2341 1112 2398 et
1139 2333 1265 2398 inolita

210 2436 425 2516 benignitate
440 2434 548 2498 totius
562 2432 722 2498 Albionis
739 2432 902 2511 basileus
914 2452 1058 2516 paruam
1077 2433 1166 2498 ruris
1181 2453 1265 2517 par·

211 2536 353 2599 ticulam
368 2534 461 2615 quod
482 2535 527 2597 ab
550 2533 651 2596 buius
669 2534 801 2616 patriae
823 2533 945 2596 incolis
962 2532 1104 2599 Linford
1126 2554 1264 2599 nuncu·

212 2643 327 2717 patur,
337 2634 496 2710 duorum,
507 2632 678 2712 uidelicet,
688 2633 899 2697 manantium
912 2633 1142 2716 quantitatem
1153 2635 1267 2719 quod·

214 2734 362 2815 damque
378 2732 660 2796 monasteriolum
676 2733 856 2798 inhonore
873 2734 984 2799 sancti
1001 2733 1146 2799 Martini
1162 2754 1266 2819 prae-

215 2834 300 2896 sulis
333 2841 568 2898 consecratum
602 2852 680 2896 cum
711 2834 880 2898 adiacenti
911 2835 1089 2916 praediolo
1114 2837 1151 2900 in
1180 2840 1268 2904 urbo

216 2952 305 3014 quae
331 2933 463 2998 famoso
492 2933 628 2998 nomine
648 2933 850 2997 Oxanasord
876 2943 1107 3017 nuncupatur,
1127 2936 1268 3004 domino

216 3040 336 3096 nostro
374 3033 480 3097 Ihesu
517 3032 655 3097 Christo
691 3034 832 3115 eiusque
870 3034 1027 3115 genitrici
1064 3055 1269 3121 semperque

218 3132 345 3214 uirgini
361 3132 497 3197 Mariae
513 3133 557 3197 ad
581 3152 665 3196 usus
693 3133 938 3197 monachorum
960 3134 1037 3199 loco
1060 3137 1119 3218 qui
1141 3137 1271 3204 celebri

219 3234 416 3297 Abbandun
446 3233 620 3297 uocitatur
646 3240 819 3310 onomate,
842 3241 983 3297 aeterna
1013 3234 1161 3318 largitus
1189 3256 1271 3304 sum

219 3333 450 3413 haereditate3
472 3332 507 3396 in
525 3333 662 3398 nomine
679 3347 821 3398 sanotae
837 3333 1003 3397 trinitatis
1019 3341 1054 3398 et
1068 3336 1272 3404 indiuiduae

220 3435 364 3498 unitatis
384 3434 609 3517 praecipiens,
631 3441 671 3496 ut
687 3433 800 3497 nullus
819 3433 964 3498 alicuius
981 3454 1149 3516 personae
1171 3437 1272 3503 hom·

220 3535 316 3596 inum
333 3533 525 3615 praefatam
550 3532 770 3596 donationem
794 3553 816 3596 a
833 3533 1010 3617 praedicto
1027 3537 1191 3602 coenobio
1209 3558 1274 3604 au-

221 3633 310 3696 ferre
335 3638 543 3715 praesumat.
596 3631 697 3695 Haeo
719 3639 832 3696 autem
856 3635 947 3697 ruris
968 3637 1139 3717 particula
1161 3638 1275 3709 libera

223 3740 262 3795 ut
283 3739 421 3795 maneat
437 3731 624 3814 praecipio,
647 3732 761 3794 causis
777 3733 886 3797 tribus
907 3738 1112 3817 segregatis,
1129 3742 1274 3823 expedi-

222 3833 329 3908 tione,
344 3832 486 3908 soilicet,
497 3831 626 3908 hostili,
637 3831 836 3897 fundatione
851 3835 940 3898 arcis
957 3836 1073 3917 regiae
1088 3841 1276 3925 pontisque

222 3933 487 3996 restauratione.
539 3931 576 3994 Si
599 3933 676 4013 quis
703 3953 785 3998 uero
808 3933 944 3997 innidus
970 3936 1151 4016 ignicomis
1180 3941 1273 4023 pbil-

225 4033 384 4112 argyriae
426 4031 573 4095 flammis
611 4051 775 4096 accensus
812 4033 891 4097 huic
931 4035 1082 4100 ueridioo
1119 4038 1278 4111 libellulo

225 4130 327 4193 alium
355 4133 766 4196 circum-atramentatum
790 4134 991 4216 cupiditatis
1014 4135 1152 4202 fallacia
1173 4139 1276 4207 libel-
