2902 4890
192 348 238 414 28
444 364 617 414 cunnrnn
640 364 984 415 nnenossxourcnn.

194 521 490 587 consentientibus
540 522 620 587 huic
668 524 874 615 priuilegio;
931 524 1255 590 contradicentibus

194 629 336 686 aeterna
351 622 442 687 adsit
456 621 665 688 maledictio.

244 721 375 786 Rubrio.
426 724 489 786 Dis
506 723 536 785 is
552 723 637 786 aira
655 739 730 789 ,v11.
749 723 829 787 hida
846 715 912 788 boc
940 714 978 789 to
1006 715 1190 789 Hanitfine
1208 720 1254 786 de

195 820 289 885 Cnut
315 821 395 903 cing
419 813 595 905 geoocode
623 813 799 888 Leofwine
822 825 968 889 Bondan
997 844 1086 889 sunu
1109 843 1161 888 on
1184 814 1253 888 ece

195 920 294 1004 yrfae.

631 1218 816 1287 Dccxu.

527 1366 675 1445 CNUT,
692 1365 921 1431 1021-1024.

203 1549 211 1582 ·.
252 1517 291 1598 ›1‹
314 1515 478 1581 Cunrsro
510 1517 750 1599 omnipotenti,
777 1517 837 1598 qui
866 1523 918 1579 est
946 1515 1098 1580 omnium
1126 1535 1251 1600 regum

197 1636 273 1693 rex,
286 1617 425 1680 omnino
442 1617 690 1700 persoluendae
707 1623 789 1680 sunt
806 1616 994 1697 gratiarum
1012 1617 1166 1680 actiones
1184 1638 1252 1701 pro

197 1717 355 1781 omnibus
371 1717 530 1781 indebitis
547 1716 733 1793 beneficiis
750 1716 874 1798 quibus
884 1715 1078 1780 hominibus
1091 1736 1156 1780 sua
1173 1719 1254 1784 sola

197 1817 327 1898 pietate
348 1817 581 1881 intercedente
604 1817 813 1897 suffragatur
835 1816 940 1878 nullis
962 1815 1089 1879 nostris
1112 1837 1254 1898 prome-

197 1916 351 1980 rentibus
378 1917 521 1982 meritis.
574 1916 630 1980 Ne
657 1936 740 1998 ergo
769 1917 876 1979 simus
902 1916 1031 1997 ingrati
1065 1916 1251 1982 beneficio-

196 2036 272 2079 rum
295 2022 471 2080 tantorum
494 2017 567 2080 eius
589 2017 713 2097 cuique
738 2035 947 2098 magnopere
965 2015 1171 2079 studendum
1194 2027 1252 2084 est

197 2114 365 2195 nostrum,
391 2123 430 2179 ut
454 2115 584 2198 aliquid
610 2116 826 2180 conferamus
849 2115 881 2179 ei
907 2115 1004 2178 cuius
1027 2122 1108 2180 sunt
1130 2118 1251 2183 omnia

198 2223 233 2282 et
255 2215 314 2299 qui
338 2217 437 2281 nobis
459 2237 528 2280 non
554 2216 673 2280 habita
701 2211 849 2280 contulit
873 2214 999 2279 habere
1026 2217 1148 2298 cuique
1176 2236 1251 2282 non

197 2336 380 2400 possumus
403 2317 485 2380 dare
508 2317 574 2380 nisi
595 2317 736 2399 propria
758 2324 794 2380 et
816 2316 858 2379 de
879 2335 943 2378 suo
965 2315 1103 2398 proprio
1127 2317 1251 2383 tribuit

197 2418 296 2481 nobis
320 2418 476 2493 mercari,
504 2417 597 2480 etin
621 2436 704 2480 usus
732 2416 890 2498 proprios
917 2416 966 2478 uti
993 2435 1082 2497 quae
1109 2416 1251 2483 minime

197 2516 337 2599 proprio
352 2536 416 2580 usn
433 2517 608 2598 potuimus
624 2516 761 2594 habere,
773 2517 840 2578 nisi
855 2515 929 2578 eius
942 2516 1108 2579 tribuerat
1121 2519 1251 2598 gratia,

198 2617 341 2692 scilicet,
370 2617 467 2696 regni
498 2616 671 2679 coelorum
702 2616 941 2680 coelicolarum
974 2617 1249 2682 contubernium.

198 2715 283 2779 Eius
313 2716 441 2798 quippe
468 2715 629 2796 largiflua
653 2716 807 2780 bonitate
838 2715 934 2796 regia
967 2716 1136 2797 dignitate
1168 2719 1252 2782 sub-

197 2815 399 2892 tronizatus,
431 2834 495 2898 ego
525 2815 633 2880 Knua
659 2835 722 2878 rex
750 2816 967 2897 Angligenae
994 2817 1157 2894 nationis,
1183 2837 1250 2900 pro

198 2913 426 2978 nanciscendo
473 2916 546 2979 eins
588 2916 819 2979 inmensitatis
857 2915 1109 2980 misericordiae
1145 2917 1251 2996 dono,

199 3014 350 3078 concedo
367 3015 432 3078 sibi
454 3016 496 3078 de
519 3035 583 3079 suo
608 3017 748 3098 proprio
771 3034 860 3096 quae
883 3014 966 3078 mihi
988 3017 1140 3096 gratuito
1165 3037 1250 3082 con·

197 3114 314 3191 cessit,
329 3113 448 3178 uillam
472 3123 555 3180 noto
578 3116 712 3181 nomine
730 3116 1012 3196 con-gnominato
1030 3115 1252 3201 Horningga,

198 3234 275 3278 curn
294 3215 444 3296 pascuiS,
459 3215 569 3294 siluis,
586 3224 691 3297 atque
708 3216 899 3279 confinibus
916 3216 981 3278 sibi
998 3217 1063 3280 rite
1080 3219 1251 3283 subteria-

197 3315 366 3392 centibuS,
381 3315 523 3392 scilicet,
539 3316 696 3381 Ludham
708 3337 785 3380 cum
798 3315 1026 3398 pertinentiis,
1037 3315 1250 3384 Netheshird

197 3435 276 3479 cum
294 3416 365 3479 suis
382 3418 611 3498 pertinentiis.
665 3417 729 3480 Est
744 3417 892 3500 denique
911 3424 1067 3481 nostrum
1083 3418 1209 3481 donum
1228 3440 1252 3485 a

199 3514 338 3579 Christo
354 3517 452 3579 nobis
468 3517 631 3580 collatum
648 3516 703 3579 cui
719 3516 841 3580 dantes
858 3517 1072 3580 foeneratum
1090 3519 1250 3600 exposci·

198 3634 283 3690 mus,
306 3622 345 3678 ut
367 3635 502 3678 rursum
525 3635 608 3680 suae
631 3615 825 3696 largitionis
845 3616 1066 3680 donationem
1091 3618 1248 3701 accipere

197 3715 361 3797 dignetur
387 3735 408 3778 a
434 3715 533 3778 nobis
564 3715 657 3778 omni
691 3715 890 3779 intentionis
925 3716 1051 3780 affectu
1080 3717 1247 3799 oblatam,

197 3816 360 3896 quatinus
376 3817 547 3897 possimus
565 3835 627 3898 per
644 3833 709 3877 sua
732 3816 797 3878 sibi
817 3816 901 3880 data
924 3818 1098 3898 consequi,
1122 3837 1211 3899 quae
1228 3840 1251 3884 a
1340 3820 1346 3832 “

199 3916 297 3978 nobis
310 3935 379 3977 non
397 3923 543 3998 possunt
559 3914 727 3997 possideri
742 3916 806 3979 nisi
824 3935 845 3979 a
861 3935 898 3979 se
916 3916 1055 3981 collata.
1101 3917 1138 3981 Si
1154 3919 1249 4000 quis-

199 4033 315 4096 quam,
333 4016 424 4097 qnod
441 4016 544 4090 absit,
566 4034 587 4078 a
604 4015 733 4079 diaboli
755 4016 954 4080 incitatione
977 4016 1081 4082 fuerit
1096 4018 1251 4097 inflatus,

198 4121 237 4178 ut
261 4114 325 4178 deo
351 4116 503 4180 omnium
527 4134 640 4179 rerum
663 4115 854 4197 possidenti
886 4135 985 4180 suurn
1016 4121 1252 4201 temptauerit,
