2902 4890
416 450 425 458 ,
463 389 636 437 cnunrnn
658 389 997 438 Anonosnxonronn.
1221 370 1265 435 83

206 541 360 621 todierit,
376 553 519 611 aeterna
534 555 718 612 coronetur
734 548 903 624 claritate,
920 547 1148 628 coelestisque
1163 545 1261 627 regni

207 642 404 723 perfruatur
427 646 636 725 foelicitate;
671 649 701 711 si
724 648 802 731 quis
825 667 908 711 uero
931 666 1018 723 earn,
1043 646 1134 730 quod
1159 644 1261 721 absit,

206 742 384 809 destruere
401 747 561 826 uoluerit,
579 748 653 819 siue
675 748 818 812 eandem
836 748 1086 830 possessionem
1110 766 1132 809 a
1154 745 1261 809 dona·

207 841 302 907 tione
333 852 368 909 et
395 847 538 911 seruitio
565 848 783 930 saepedictae
812 847 999 911 aecclesiae
1033 855 1068 910 et
1096 847 1258 910 abbatum

205 941 360 1007 eiusdem
400 946 479 1023 loci,
512 954 547 1011 et
581 947 837 1023 monachorum,
876 945 1078 1010 subtrahere
1113 952 1260 1009 conatus

205 1040 322 1122 fuerit,
347 1045 403 1108 uel
425 1066 487 1128 per
509 1054 625 1129 partes
647 1048 746 1130 quasi
773 1046 995 1110 haereditatis
1018 1047 1092 1109 inre
1125 1043 1259 1108 auferre

204 1147 487 1228 praesumpserit,
507 1147 598 1210 sicut
619 1146 853 1210 contradictor
879 1153 914 1210 et
942 1147 1128 1210 conuulsor
1156 1145 1257 1208 huius

205 1244 315 1307 nostri
341 1244 471 1310 decreti
496 1265 538 1309 ac
566 1253 763 1323 temerator,
787 1267 863 1310 cum
889 1246 978 1310 Iuda
1004 1245 1170 1310 traditore
1196 1244 1257 1307 do·

205 1342 290 1407 mini
316 1352 457 1409 aeterno
481 1346 693 1411 anathemati
715 1346 904 1422 subiaceat,
921 1346 987 1409 nisi
1011 1346 1074 1409 deo
1097 1351 1132 1408 et
1154 1346 1255 1409 beato

203 1461 268 1507 suo
305 1446 465 1528 apostolo
502 1445 608 1510 Petro
646 1446 752 1529 digna
789 1445 1002 1528 poenitentia
1040 1444 1254 1509 satisfecerit.

206 1541 289 1607 Non
318 1546 408 1608 enim
440 1546 650 1628 superiorem
675 1547 732 1610 uel
759 1546 952 1610 inferiorem
979 1545 1129 1627 aliquem
1159 1545 1257 1608 decet

203 1641 375 1708 hominem
395 1645 480 1708 illud
495 1646 560 1710 sibi
578 1647 683 1709 iuius
707 1646 929 1710 haereditatis
951 1645 1146 1721 nendicare,
1163 1645 1255 1728 quod

203 1761 266 1825 per
287 1745 419 1826 regiam
436 1747 749 1810 corroborationem
779 1747 823 1809 ad
853 1745 951 1822 illud,
978 1745 1075 1809 cuius
1098 1764 1174 1808 esse
1196 1745 1255 1808 de·

200 1842 295 1922 beat,
318 1844 465 1926 prouida
488 1846 623 1910 ratione
648 1846 752 1910 fuerit
776 1846 965 1909 redactum.
1018 1843 1121 1909 Anno
1149 1845 1256 1926 igitur

201 1941 394 2008 dominicae
428 1945 674 2009 incarnationis
702 1962 876 2012 .u.xu1u1.
904 1945 1090 2011 indictione
1116 1960 1196 2009 ,x11.
1220 1950 1256 2007 et

204 2058 280 2106 ΝΗ.
310 2046 602 2123 concurrentibus
646 2053 751 2130 atque
787 2063 853 2110 .xr.
884 2046 1015 2128 epactis
1047 2045 1254 2119 rotantibus

201 2141 288 2207 haec
307 2145 436 2226 regalis
453 2145 628 2210 concessio
645 2153 680 2210 et
697 2146 838 2209 donatio
854 2144 947 2208 facta
968 2153 1022 2208 est
1039 2146 1102 2208 sub
1121 2144 1254 2226 astipu-

199 2241 331 2306 latione
347 2244 530 2325 primatum
545 2264 691 2327 quorum
707 2246 846 2309 nomina
860 2244 1033 2308 karaxata
1048 2244 1220 2307 uidentur.

245 2342 323 2424 Ego
352 2344 566 2409 Eadwardus
595 2365 658 2409 rex
687 2346 795 2408 totius
823 2345 1026 2408 Britanniae
1055 2343 1145 2406 hanc
1174 2363 1254 2424 pro-

199 2441 311 2524 priam
340 2442 559 2508 donationem
590 2444 700 2526 regali
730 2443 964 2508 stabilimento
994 2442 1161 2506 affirmaui
1196 2444 1251 2523 ᾧ.

200 2540 278 2624 Ego
289 2543 448 2627 AElfgyfu
464 2544 616 2607 eiusdem
633 2545 724 2625 regis
737 2551 848 2607 mater
865 2562 1043 2606 assensum
1061 2562 1253 2607 accommo-

198 2640 281 2705 daui
312 2646 367 2725 ᾖ.
441 2644 518 2725 Ego
549 2643 722 2708 Eadsinus
751 2643 1025 2707 Dorobernensis
1067 2642 1253 2706 aecclesiae

197 2741 477 2824 archiepiscopus
513 2742 602 2807 hanc
638 2744 801 2825 pietatem
840 2743 1019 2825 diuulgaui
1045 2745 1100 2824 »lm
1176 2742 1251 2824 Ego

198 2841 365 2906 AElfricus
382 2844 609 2908 Eboracensis
626 2844 777 2908 ciuitatis
805 2843 1039 2926 archipraesul
1066 2843 1155 2905 hanc
1182 2850 1250 2906 ter-

196 2940 353 3005 ritoriam
390 2943 566 3007 scedulam
605 2944 787 3025 diligenter
826 2943 1002 3024 assignaui
1033 2944 1088 3023 ᾖ.
1175 2942 1250 3024 Ego

197 3041 432 3106 AEluueardus
461 3042 712 3108 Londoniensis
747 3044 928 3126 episcopus
957 3042 1169 3106 consolidaui
1192 3046 1247 3125 ᾖ.

197 3140 275 3222 Ego
292 3139 483 3207 Godwinns
501 3143 665 3207 Rosensis
688 3145 869 3226 episcopus
887 3143 1077 3224 gaudenter
1091 3142 1248 3223 impressi

200 3241 258 3322 ᾤ.
312 3243 388 3324 Ego
404 3243 603 3326 AEluuynus
619 3243 867 3308 Wintoniensis
890 3241 1071 3324 episcopus
1088 3241 1249 3304 corrobo-

194 3340 272 3404 raui
300 3344 355 3423 ᾧ.
424 3343 503 3424 Ego
526 3341 1044 3408 BeorhtwoldnsWiltuniensis
1067 3341 1249 3422 episcopus

194 3439 389 3505 coadunaui
422 3444 478 3523 ᾧ.
543 3443 620 3524 Ego
650 3442 819 3524 Liuiugus
846 3439 1034 3505 cridiensis
1065 3439 1247 3521 episcopus

194 3540 398 3604 confirmaui
431 3544 485 3623 ᾧ.
552 3541 628 3621 Ego
646 3541 867 3607 AEbelstanus
893 3540 1151 3604 Herfordiensis
1177 3541 1249 3622 epi-

193 3657 321 3722 scopus
344 3640 547 3722 consignaui
567 3643 623 3722 »1«.
679 3642 753 3724 Ego
767 3642 974 3707 Wulstanus
992 3639 1246 3721 Wigorniensis

193 3739 377 3822 episcopus
407 3739 498 3805 hanc
527 3741 706 3822 diuulgaui
726 3743 780 3823 ᾖ.
844 3741 920 3822 Ego
938 3738 1122 3804 Eadnobus
1140 3740 1247 3804 Dorc-

195 3839 307 3903 censis
334 3841 515 3923 opiscopus
541 3840 680 3905 condixi
702 3842 758 3922 ιιι.
811 3842 888 3922 Ego
905 3841 1051 3904 Duduco
1068 3839 1246 3904 Willensis

194 3938 378 4021 episcopus
401 3940 590 4022 conscripsi
609 3941 665 4021 ιιι.
734 3940 811 4021 Ego
834 3939 1040 4004 Grimkillus
1063 3938 1246 4020 episcopus

195 4035 411 4103 Australium
444 4039 623 4104 Saxonum
656 4041 815 4103 consensi
838 4043 893 4122 »lm
960 4039 1037 4119 Ego
1065 4038 1246 4103 Wulsinus

194 4137 377 4222 episcopus
403 4139 664 4204 [licetfeldensis
692 4139 908 4203 commodum
939 4139 1024 4201 duxi
1047 4140 1102 4219 ᾧ.
1169 4137 1245 4219 Ego

1057 4245 1072 4278 o
1090 4236 1106 4280 2
