2902 4890
241 820 549 903 CHARTAE
603 818 1199 904 ANGLOSAXONICAE.

585 1177 862 1242 DCCXXVII.

588 1327 653 1391 ΟΝ
658 1328 736 1405 UT,
758 1328 857 1391 1018.

256 1476 295 1556 ›1‹
318 1475 392 1538 Eco
415 1474 562 1557 denique
592 1474 779 1558 imperator
798 1476 932 1552 Knuto,
955 1495 976 1539 a
1000 1475 1139 1539 Christo
1163 1495 1244 1555 rege

195 1592 325 1654 regum,
354 1575 530 1655 regiminis
557 1574 696 1657 Anglici
723 1578 759 1639 in
788 1576 902 1638 insula
938 1577 1082 1656 potitus
1101 1575 1244 1638 audiens

194 1672 359 1736 beneficia
380 1674 679 1755 praedecessorum
706 1696 858 1739 nieorum
882 1694 1013 1755 regum,
1036 1675 1168 1738 scilicet
1190 1695 1243 1737 re-

194 1772 288 1852 galia
322 1774 515 1854 priuilegia,
542 1775 699 1838 similiter
723 1793 864 1838 cernens
891 1774 1084 1837 libertatem
1109 1792 1246 1836 monas-

194 1867 357 1934 teriorum
384 1874 476 1936 intra
504 1869 664 1938 Cantiam
687 1875 888 1956 positorum,
913 1873 1245 1954 archipraesulisque

195 1971 339 2052 piissimi
360 1970 498 2053 Liuingi
523 1974 767 2051 admonitione,
791 1973 923 2056 placuit
950 1972 1045 2036 cordi
1067 1974 1245 2036 amborum

194 2061 409 2151 praesentem
432 2071 623 2137 chartulam
639 2075 876 2147 corroborare;
896 2072 1067 2148 uidelicet,
1079 2073 1246 2135 aecclesia

194 2170 378 2232 saluatoris
408 2171 444 2232 in
471 2172 686 2238 Dorobernia
713 2175 792 2250 sita,
822 2173 974 2236 omnium
1002 2171 1245 2235 aecclesiarum

194 2269 293 2349 regni
318 2267 506 2350 Angligeni
535 2279 645 2335 mater
671 2281 706 2336 et
730 2273 880 2349 domina,
907 2291 985 2335 cum
1013 2271 1171 2334 omnibus
1201 2270 1244 2333 ad

195 2366 291 2430 illam
313 2369 576 2450 pertinentibus,
592 2373 639 2435 sit
653 2373 772 2448 libera,
788 2392 850 2435 nec
867 2373 1048 2454 quisquam
1069 2371 1245 2433 hominum

195 2467 231 2529 in
265 2487 306 2530 ea
335 2475 370 2531 et
393 2470 493 2532 rebus
523 2469 594 2534 suis
623 2471 752 2553 aliquid
781 2473 866 2534 iuris
900 2471 953 2534 nel
988 2468 1246 2534 consuetudinis

194 2574 331 2647 praeter
348 2567 642 2652 archiepiscopum
657 2578 693 2634 et
709 2571 895 2634 monachos
911 2570 1036 2633 ibidem
1053 2569 1117 2632 deo
1133 2568 1244 2631 famu-

194 2665 319 2741 lantes,
334 2666 453 2748 exigat
469 2670 524 2732 uel
541 2670 704 2733 obtineat.
758 2669 800 2732 In
817 2671 1063 2751 sempiternum
1080 2668 1146 2731 hoc
1167 2687 1244 2731 nos·

194 2772 285 2828 trum
322 2765 496 2830 decretum
526 2770 723 2833 inuiolabile
750 2777 904 2850 tempore
935 2787 1011 2831 mco
1042 2775 1078 2831 et
1108 2787 1244 2832 succes-

195 2882 309 2926 sorum
329 2884 481 2928 meorum
495 2888 558 2949 pro
573 2887 635 2950 spe
658 2869 779 2932 salutis
799 2875 972 2943 aeternae,
987 2867 1111 2930 stabile
1128 2886 1244 2949 perse-

195 2970 302 3026 ueret.
355 2963 424 3027 His
442 2968 586 3030 testibus
604 2987 750 3048 quorum
765 2969 866 3048 signa
882 2967 1003 3029 subtus
1021 2974 1243 3030 annotantur.

244 3061 322 3143 Ego
340 3063 461 3128 Knuto
484 3067 694 3147 gubernator
713 3065 851 3147 Anglici
868 3066 960 3128 orbis
983 3067 1124 3147 propria
1140 3085 1244 3129 manu

193 3162 357 3225 confirmo
380 3164 432 3244 ᾖ.
499 3165 573 3246 Ego
606 3166 775 3246 Liuingus
816 3165 1102 3245 metropolitanus
1135 3164 1244 3227 archi-

193 3261 332 3342 praesul
353 3261 500 3326 libenter
518 3283 632 3327 annuo
652 3265 707 3345 ᾧ.
760 3263 836 3342 Ego
852 3263 975 3324 Emma
997 3262 1116 3340 regina
1143 3263 1244 3342 signo

194 3350 305 3423 crucis
343 3362 506 3426 confirmo
529 3364 584 3444 ἧς.
664 3363 741 3442 Ego
775 3360 980 3424 Wolstanus
1015 3360 1242 3423 Eboracensis

194 3459 407 3523 consolidaui
428 3462 484 3542 ᾧ.
550 3461 626 3542 Ego
663 3461 860 3524 Ealdelmus
881 3459 1073 3541 ‘episcopus
1105 3466 1244 3539 gratum

193 3557 324 3621 babens
351 3560 406 3640 »lc
477 3560 554 3642 Ego
572 3559 751 3641 AElsgarus
790 3561 971 3641 episcopus
1010 3558 1160 3622 concedo
1185 3560 1241 3640 ᾧ.

195 3656 272 3738 Ego
303 3657 482 3723 Leofricus
514 3661 695 3743 episcopus
726 3659 890 3722 confirmo
921 3660 977 3740 ᾖ.
1046 3658 1122 3737 Ego
1151 3656 1241 3720 Hal-

194 3756 305 3819 deune
338 3759 497 3840 princeps
531 3762 622 3842 regis
651 3760 774 3842 [dono]
802 3778 864 3840 pro
893 3759 1024 3821 uiribus
1062 3775 1241 3819 assensum

193 3856 341 3939 praebeo
357 3859 411 3936 >lc
448 3858 494 3921 Et
510 3878 575 3940 ego
585 3859 764 3924 Turkillus
779 3858 851 3920 dux
868 3857 1018 3921 concedo
1034 3857 1089 3934 ᾖ.
1132 3856 1241 3921 Facta

194 3961 247 4018 est
259 3962 375 4018 autem
391 3957 459 4019 ista
474 3961 650 4024 concessio
668 3979 759 4024 anno
773 3957 963 4022 dominicae
980 3954 1238 4033 incarnationis,

193 4053 372 4119 millesimo
390 4073 504 4120 ‚xvun

243 4169 328 4215 rou.
347 4170 393 4218 ιν.
1069 4171 1089 4216 u
