2902 4890
405 380 578 428 curario
600 377 942 426 auouosuxomcnu.
1146 363 1210 425 lou

560 679 808 746 ccccxix.

403 827 706 932 uinwunun,
729 855 964 919 loeo-loco.

214 1033 254 1113 ›1‹
277 1028 361 1094 cuo
389 1029 625 1091 uniuersorum
649 1027 807 1091 dominus
834 1035 870 1092 et
886 1028 990 1091 iudex
1011 1028 1106 1104 dicit,
1123 1035 1132 1062 ‘
1152 1028 1210 1091 Iu-

159 1131 274 1194 dicate
296 1127 439 1211 pupillo,
468 1127 640 1191 defendite
667 1127 828 1205 uiduam,'
855 1135 985 1210 quanto
1012 1128 1122 1208 magis
1149 1148 1211 1191 uos

160 1235 299 1313 oportet
323 1228 476 1291 iudicare
509 1227 698 1290 aecclesiae
725 1246 809 1290 suae
835 1228 928 1291 etin
953 1228 1109 1290 omuibus
1138 1229 1211 1290 eius

157 1347 286 1393 causas
311 1335 347 1392 et
368 1326 493 1390 iudicia
514 1326 679 1390 adiuuare
708 1334 743 1388 et
770 1327 837 1408 ipsi
864 1333 970 1389 testes
992 1327 1111 1389 adesse
1138 1328 1212 1389 sine

161 1448 232 1511 qua
254 1447 317 1491 nec
335 1426 516 1490 christiani
541 1444 616 1489 esse
641 1445 704 1489 uec
733 1425 776 1487 ad
805 1425 906 1489 deum
930 1445 1112 1507 possumus
1136 1446 1213 1507 per-

161 1528 294 1593 tinere!
348 1525 446 1590 luter
461 1525 577 1589 uarias
599 1525 701 1588 etiam
725 1544 837 1588 rerum
862 1526 1070 1588 mutationes
1097 1544 1213 1588 neces-

162 1628 255 1691 saria
282 1633 364 1690 sunt
389 1625 582 1690 litterarum
615 1625 812 1688 testimonia
838 1644 927 1707 quae
956 1625 1101 1688 fideliter
1131 1645 1210 1689 con-

163 1727 302 1790 firmant
327 1733 362 1788 et
384 1732 645 1807 repraesentant
662 1724 857 1805 praeterita.
911 1722 1132 1807 Quapropter
1149 1744 1214 1805 ego

165 1828 271 1890 totius
290 1823 449 1889 Albiouis
472 1844 535 1888 rex
555 1823 783 1886 Eaduuardus
811 1831 954 1904 rogatus
980 1843 1001 1887 a
1027 1824 1215 1887 uenerabili

166 1925 325 1990 Leofrico
347 1927 472 1988 abbate
498 1923 541 1986 de
563 1923 679 1985 Burch
701 1923 744 1985 de
767 1923 914 2005 quadam
942 1924 1215 1987 commodatioue

165 2035 199 2090 et
228 2025 458 2089 conuentione
490 2031 659 2086 terrarum
688 2042 777 2104 quae
807 2042 921 2086 coram
953 2043 1007 2084 me
1034 2023 1126 2085 sacta
1150 2035 1214 2098 est,

166 2126 272 2189 annui
304 2131 341 2188 ut
372 2122 566 2186 huiusmodi
599 2129 696 2184 carta
723 2122 820 2185 fieret
848 2122 883 2183 in
915 2122 1147 2184 testimonium
1181 2130 1215 2184 et

167 2225 418 2307 possessionem
441 2231 615 2286 aeternam
631 2220 818 2284 aecclesiae
834 2241 927 2284 suae.
981 2220 1096 2301 Igitur
1121 2242 1215 2284 mon-

167 2324 273 2389 achus
290 2323 408 2386 Brand
425 2330 495 2386 tres
511 2329 621 2386 terras
639 2340 720 2384 suas
735 2341 822 2402 quas
839 2322 903 2383 sub
919 2322 1043 2383 abbate
1061 2321 1217 2385 Leofrico

168 2425 203 2487 in
229 2424 404 2507 propriam
431 2420 677 2486 haereditatem
703 2422 903 2484 monasterii
930 2419 983 2482 sui
1012 2420 1219 2501 acquisierat

168 2524 266 2587 fratri
292 2542 355 2586 suo
378 2521 549 2605 Askytelo
580 2541 640 2603 per
667 2521 929 2584 conuentionem
961 2521 1096 2582 interim
1130 2540 1218 2583 com-

169 2623 403 2699 mendauerat,
420 2641 522 2686 uuam
551 2620 698 2684 Scottun
720 2640 823 2702 quam
848 2621 890 2683 de
917 2639 981 2681 sua
1009 2621 1219 2702 proprietate

170 2731 311 2799 emerat,
337 2723 481 2785 aiteram
511 2721 666 2785 Scottere
694 2740 798 2803 quam
827 2721 857 2782 ei
886 2720 992 2783 srater
1019 2740 1103 2783 suus
1132 2721 1219 2783 Sirio

170 2824 373 2899 donauerat,
389 2823 525 2886 tertiam
542 2821 736 2883 Malmetun
755 2839 858 2901 quam
875 2818 905 2882 ei
928 2830 1025 2902 pater
1042 2840 1123 2883 suus
1141 2821 1222 2883 uiua

172 2942 258 2987 uoce
282 2929 510 2986 concesserat.
562 2919 755 2983 Conuentio
772 2927 888 2982 autem
905 2920 985 2983 talis
1000 2919 1077 2996 fuit,
1102 2928 1142 2983 ut
1160 2942 1221 3002 pro

171 3025 305 3088 duabus
332 3023 503 3104 prioribus
538 3021 720 3102 pecuniam
753 3020 900 3099 singulis
930 3020 1030 3082 annis
1060 3021 1222 3101 quamdiu

172 3130 305 3188 teneret
328 3121 550 3203 persolueret,
568 3140 629 3201 pro
648 3120 840 3182 Malmetun
864 3140 946 3181 uero
968 3119 1072 3182 aliam
1094 3126 1220 3182 terram

172 3223 309 3289 nomine
325 3228 420 3304 Dorp
438 3228 517 3303 post
535 3221 666 3285 obitum
691 3220 807 3282 fratris
831 3218 932 3280 simul
955 3228 990 3281 et
1008 3238 1088 3280 suas
1111 3221 1221 3300 recip-

174 3344 230 3386 ere
257 3322 406 3385 deberet.
469 3320 572 3383 Hane
597 3321 859 3382 conuentionem
888 3319 937 3379 sio
965 3336 1080 3380 coram
1108 3339 1161 3380 me
1188 3326 1223 3381 et

176 3421 399 3505 optimatibus
427 3422 512 3483 meis
536 3421 776 3500 approbatam,
808 3420 859 3481 ita
891 3425 1007 3481 cartae
1029 3418 1224 3481 testimonio

177 3532 246 3586 tam
265 3522 503 3604 praesentibus
521 3539 623 3602 quam
644 3520 791 3601 posteris
809 3519 971 3581 iussimus
986 3518 1226 3594 demonstrari,

176 3644 217 3687 ea
252 3622 415 3685 uidelicet
447 3619 756 3695 animaduersione,
784 3625 823 3680 ut
853 3618 948 3680 nulia
981 3618 1116 3680 occasio
1144 3618 1225 3680 mali

175 3722 304 3804 ingenii
335 3728 415 3802 post
444 3720 529 3783 haec
562 3719 768 3782 interueniat
798 3737 866 3799 quo
901 3725 1021 3779 sancta
1061 3718 1226 3780 aecclesia

176 3820 339 3905 quicquid
354 3821 397 3883 ad
412 3840 449 3884 se
460 3820 516 3882 uel
531 3819 572 3881 ad
588 3837 669 3881 suos
685 3819 846 3900 pertinet,
858 3818 949 3899 quod
965 3818 1067 3893 absit,
1083 3818 1224 3897 perdam

175 3923 234 3986 sed
259 3941 349 3984 nunc
371 3920 565 4001 praedictas
589 3926 699 3980 terras
716 3919 902 3981 secundum
921 3917 1129 3998 praedictam
1146 3938 1226 3980 cou-

178 4023 374 4086 uentionem
398 4021 530 4100 integre
554 4019 697 4099 recipiat
718 4026 752 4080 et
777 4020 811 4080 in
839 4025 1040 4099 perpetuum
1064 4037 1105 4079 ca
1130 4017 1226 4081 iiber-

179 4131 251 4187 iate
268 4141 337 4205 qua
352 4120 540 4184 dominicas
558 4127 592 4180 et
609 4119 799 4181 liberrimus
819 4126 928 4181 terras
951 4125 1055 4193 tenet,
1073 4118 1125 4181 dei
1142 4128 1226 4182 nutu
