2902 4890
457 353 629 403 cnrnrln
652 349 994 401 arenosaxomcrn.
1183 333 1248 398 281

197 517 373 576 consortes
400 505 436 576 in
471 530 577 592 regno
610 510 793 574 coelorum.
861 509 936 592 Ipsi
963 514 1090 585 autem,
1115 507 1247 574 scilicet

198 609 374 677 Oswulfus
392 619 428 677 et
445 611 619 689 AEtieliita,
637 611 702 675 hoc
722 610 849 674 donum
876 609 940 674 deo
960 616 995 673 et
1013 616 1135 674 sancto
1158 609 1247 674 fece-

198 718 278 775 runt
293 710 432 778 Albano
454 733 518 797 pro
540 712 717 777 animabus
740 731 856 775 eorum
877 718 1148 794 cunctorumque
1164 730 1247 775 con·

197 813 462 895 sanguineorum
484 833 636 890 suorum,
656 813 819 896 quatinus
838 812 875 875 iu
895 812 1012 876 futuro
1037 811 1164 876 iudicio
1187 829 1247 875 ue·

197 912 290 977 niam
331 921 528 979 mereantur
570 914 746 998 percipere
783 919 1023 996 peccatorum
1063 912 1247 994 specialius

196 1019 312 1078 tamen
336 1015 396 1080 illa
412 1015 571 1097 nobi[li]s
593 1021 763 1090 matrona,
782 1013 943 1079 uidelicet
966 1012 1137 1091 AEtteliba,
1159 1011 1248 1077 hanc

196 1114 416 1180 donationem
431 1116 502 1181 fieri
526 1115 675 1180 obtinuit
698 1134 720 1178 a
743 1121 924 1197 praesente
940 1113 1078 1178 domino
1094 1132 1169 1190 suo,
1183 1113 1248 1178 hoc

198 1221 252 1279 est
278 1215 447 1294 Oswulio,
471 1237 535 1300 pro
556 1216 674 1281 anima
701 1214 825 1297 prioris
855 1214 983 1280 domini
1012 1215 1066 1278 sui
1090 1213 1161 1281 Ulfi
1188 1214 1247 1298 qui

198 1315 263 1378 sibi
287 1316 382 1382 illam
405 1318 526 1383 tribuit
553 1317 683 1382 uillam.
736 1314 866 1380 Postea
894 1324 1010 1380 autem
1035 1322 1248 1395 rogauerunt

199 1417 300 1481 ambo
326 1418 498 1483 dominum
527 1418 686 1482 abbatem
703 1415 928 1481 Leofstanum
953 1424 992 1480 ut
1021 1414 1172 1480 dedisset
1199 1418 1249 1482 eis

198 1515 294 1597 ligna
320 1519 362 1582 ad
391 1518 636 1583 aedificandam
660 1518 696 1580 in
722 1516 843 1581 cadem
871 1517 956 1580 uilla
983 1517 1185 1581 aecclesiam
1213 1517 1250 1582 in

200 1615 329 1681 honore
344 1618 472 1683 domini
486 1619 597 1683 nostri
611 1618 717 1682 lhesu
730 1617 859 1681 Christi
876 1625 911 1682 et
927 1616 1039 1681 sancti
1055 1615 1195 1695 Albani,
1211 1626 1252 1683 ut

200 1723 237 1781 et
262 1716 346 1782 haec
375 1720 542 1784 aecclesia
574 1720 638 1783 sibi
668 1720 704 1782 in
736 1718 1019 1800 specialissimum
1049 1718 1146 1782 fieret
1173 1739 1252 1801 pro-

200 1817 357 1899 prietatis
374 1819 524 1904 sigmm,
541 1826 576 1883 et
592 1828 632 1883 ut
651 1839 695 1883 ex
718 1818 779 1884 illa
801 1817 856 1882 die
878 1820 922 1883 ob
939 1819 1066 1882 nullius
1089 1826 1252 1883 euentum

195 1908 323 1982 causae
339 1938 415 1984 eam
438 1919 628 1985 ullomodo
649 1905 960 2002 amplius'sanctus
981 1917 1123 2000 perdere
1147 1938 1249 2001 posse

202 2015 380 2095 Albanus;
406 2039 448 2086 ea
464 2027 580 2084 tamen
602 2020 811 2096 conditione,
827 2027 867 2082 ut
889 2017 1053 2101 quamdiu
1075 2018 1127 2081 illi
1155 2020 1251 2083 uiue·

200 2126 278 2182 rent
294 2125 421 2185 terram
436 2121 532 2186 illam
547 2121 583 2184 iu
600 2139 699 2183 suum
715 2138 818 2184 usum
830 2120 1009 2197 haberent,
1020 2138 1098 2182 cum
1114 2117 1254 2184 licentia

199 2218 327 2283 domini
359 2222 495 2285 abbatis
525 2220 702 2285 Leofstani
733 2219 835 2284 simul
861 2228 896 2284 et
918 2218 1181 2294 monachorum
1218 2228 1255 2286 et

202 2318 267 2383 hoc
298 2320 361 2384 tali
390 2317 504 2405 pacto,
530 2321 622 2405 quod
647 2323 691 2385 ob
719 2322 821 2385 istius
848 2321 897 2384 rei
924 2321 1135 2402 agnitionem
1166 2340 1253 2384 uno·

200 2438 338 2504 quoque
366 2442 457 2488 anno
487 2420 532 2487 ad
562 2423 692 2488 uictum
725 2419 862 2505 proprie
893 2420 1138 2484 monachorum
1170 2438 1250 2485 .xx.

201 2518 330 2586 solidos
344 2521 468 2588 darent
484 2522 649 2607 quamdiu
666 2522 868 2606 superstites
883 2521 949 2603 ipsi
965 2518 1121 2585 fuissentss
1174 2520 1253 2586 Hu-

202 2618 256 2684 ius
279 2623 328 2688 rei
350 2630 458 2690 testes
480 2631 574 2702 sunt,

245 2720 432 2789 Wulswius
448 2724 644 2806 episcopus,
657 2722 813 2786 Bondius
829 2722 1254 2803 stabulator‚Burhredus,

203 2819 389 2887 Eadwinus
403 2824 555 2888 eiusdem
568 2823 673 2901 filius,
687 2821 859 2888 Godricus
877 2824 1048 2902 tribunus,
1058 2823 1255 2889 AElfstanus

202 2920 404 3002 uicecomes,
432 2923 629 2988 Leofwinus
657 2923 700 2987 de
723 2922 944 3002 Cadendune,
970 2932 1176 3006 caeteraque
1202 2926 1255 2989 in·

203 3024 423 3088 numerabilis
452 3022 638 3087 multitudo
669 3023 850 3107 utriusque
877 3044 983 3088 sexus
1022 3044 1064 3089 ac
1098 3024 1255 3090 diuersae

203 3122 329 3186 aetatis
356 3125 415 3205 qui
454 3124 498 3188 ad
529 3122 780 3186 dedicationem
811 3123 1032 3204 supradictae
1069 3123 1256 3189 aecclesiae

123 3216 137 3241 ”
203 3219 351 3299 fuerunt,
390 3243 506 3288 coram
545 3224 669 3306 quibus
714 3222 871 3286 omnibus
910 3223 1029 3305 utique
1069 3222 1254 3289 dixerunt:

203 3321 360 3386 ‘Notum
387 3324 486 3388 uobis
514 3323 648 3387 cunctis
681 3323 908 3404 omnibusque
946 3321 1140 3386 hominibus
1179 3342 1256 3387 esse

202 3421 363 3485 uolumus
393 3422 485 3508 quod
513 3442 576 3487 nos
601 3422 714 3499 hodie,
737 3422 898 3486 uidelicet
924 3442 989 3504 ego
1016 3421 1192 3487 Oswulfus
1220 3431 1256 3513 et

204 3519 365 3586 AElieli'oa
380 3543 470 3588 uxor
482 3542 569 3600 mea,
581 3522 645 3586 deo
662 3530 852 3606 sanctoque
869 3523 943 3588 eius
960 3522 1103 3605 martyri
1117 3519 1256 3589 Albano

203 3621 305 3685 istam
329 3630 456 3688 terram
480 3622 639 3687 uidelicet
656 3622 836 3700 Stodham‚
853 3622 974 3687 damus
999 3623 1035 3685 in
1054 3630 1255 3706 perpetuam

203 3720 463 3800 haereditatem,
479 3724 515 3786 in
532 3724 728 3806 praesentia
743 3722 1034 3788 dominiWullwii
1051 3724 1204 3806 episcopi
1222 3731 1257 3788 et

203 3819 348 3885 fratrum
366 3823 551 3887 aecclesiae
568 3823 680 3886 sancti
696 3819 826 3886 Albani
845 3825 904 3905 qui
929 3823 984 3885 hic
1007 3829 1128 3886 assunt
1153 3824 1255 3887 modo

203 3922 403 3986 nobiscum?
452 3921 509 3987 Ad
527 3941 675 4006 quorum
700 3943 831 3999 uocem,
849 3923 1011 4005 imposito
1034 3922 1184 3998 silentiu,
1203 3942 1257 3986 co-

204 4041 278 4085 ram
304 4023 395 4085 omni
426 4023 555 4106 populo
581 4024 764 4106 episcopus
780 4022 966 4087 Wulfwius
996 4021 1069 4085 alta
1094 4041 1179 4085 uoce
1202 4042 1255 4086 re-

204 4123 377 4204 spondens
400 4122 502 4201 dixit,
517 4128 526 4158 ‘
541 4123 749 4206 Quicunque
774 4123 838 4186 hoc
856 4121 947 4186 dono
965 4130 1123 4187 sanctum
1141 4122 1257 4205 priua-
