2902 4890
200 368 244 432 82
454 387 627 434 cunnrnn
655 385 997 435 Anonosnxourcnr.

201 561 301 607 suurn
318 544 353 607 in
370 551 462 607 terra
478 552 513 608 et
529 544 565 606 in
581 563 684 626 aqua,
696 551 732 607 et
748 543 1030 608 consuetudinem
1043 561 1138 625 quae
1153 541 1253 607 dicit·

202 664 243 706 ur
266 651 408 721 teameS,
430 644 582 708 latrones
609 644 851 725 latronumque
873 643 1051 725 captiones
1074 643 1131 706 uel
1154 643 1255 706 emis-

202 745 328 818 sioneS,
344 752 378 808 et
394 745 488 827 pacis
506 744 705 821 fracturam,
720 751 755 808 et
771 762 922 825 pugnam
941 743 976 805 in
993 743 1096 807 domo
1113 743 1254 820 factam,

202 851 237 906 et
259 845 380 907 domus
404 845 630 920 inuasionem,
647 852 682 907 et
705 863 822 907 omnes
848 844 1001 906 assultus
1022 843 1058 906 in
1081 863 1145 908 suo
1168 844 1254 919 iure,

202 943 237 1006 in
264 944 322 1006 uia
348 954 382 1007 et
398 952 510 1020 extra,
526 943 560 1005 in
585 943 673 1006 sesto
691 953 726 1007 et
742 951 854 1020 extra,
872 944 908 1007 in
930 944 1014 1006 urbe
1032 950 1067 1006 et
1084 951 1199 1020 extra,
1218 945 1254 1006 in

202 1061 293 1124 aqua
315 1051 350 1106 et
367 1051 479 1120 extra,
496 1051 567 1106 tam
584 1044 684 1125 plene
708 1050 743 1107 et
760 1052 831 1107 tam
849 1044 954 1107 libere
971 1043 1061 1107 sicut
1077 1063 1137 1107 eas
1152 1043 1254 1107 habe-

204 1144 281 1206 bam
310 1145 345 1206 in
368 1163 471 1206 manu
494 1163 589 1222 mea;
618 1143 722 1206 nullis
745 1144 863 1226 itaque
886 1163 1038 1225 unquam
1063 1151 1255 1224 gradentur

202 1245 361 1306 oneribus
394 1243 650 1326 expeditionum
686 1263 749 1307 nec
779 1243 935 1325 pontium
969 1243 1026 1307 uel
1059 1252 1253 1309 castrorum

201 1343 440 1418 restructione,
469 1363 531 1407 nec
558 1343 727 1425 regalium
749 1345 823 1406 siue
856 1343 1103 1425 episcopalium
1138 1345 1253 1407 minis·

201 1450 331 1506 trorum
358 1445 550 1507 exactione.
618 1442 775 1506 Defende
803 1445 956 1526 insuper,
985 1449 1020 1506 et
1047 1463 1091 1506 ex
1116 1444 1254 1509 nomine

200 1551 342 1606 sanctae
372 1544 537 1606 trinitatis
570 1543 746 1625 prohibeo,
776 1551 815 1607 ut
846 1544 961 1607 nullus
987 1563 1106 1624 regum
1134 1562 1252 1609 succe-

200 1641 366 1718 dentium,
384 1644 636 1725 episcoporum,
650 1644 854 1726 principum,
868 1645 1043 1720 comitum,
1054 1644 1253 1708 uicecomit-

200 1762 270 1818 um,
288 1751 561 1824 procuratorum,
578 1744 652 1806 siue
674 1743 820 1807 aliorum
843 1762 960 1824 regum
983 1743 1171 1819 clientium,
1198 1745 1253 1808 uel

199 1843 451 1924 episcoporum,
480 1843 722 1919 ministrorum,
752 1851 901 1926 pastum,
931 1862 1083 1920 censum,
1115 1843 1173 1907 uel
1200 1845 1252 1907 in-

200 1943 396 2024 pensionem
424 1963 484 2006 seu
508 1943 601 2005 aliud
625 1943 792 2026 quidlibet
813 1945 856 2007 ab
880 1942 1047 2008 aecclesia
1068 1943 1130 2006 illa
1152 1945 1209 2008 uel
1231 1963 1252 2008 a

200 2044 301 2105 terris
323 2043 542 2124 praescriptis
574 2042 617 2105 ad
642 2062 718 2106 eam
740 2044 990 2125 pertinentibus
1013 2062 1075 2124 per
1096 2044 1168 2106 uim
1192 2050 1252 2107 aut

198 2163 260 2223 per
276 2144 558 2207 consuetudinem
576 2144 707 2224 exigat,
725 2144 784 2206 sed
803 2142 1032 2207 omnimodam
1056 2142 1250 2208 libertatern

199 2262 276 2305 mea
309 2244 406 2325 regia
440 2245 717 2307 corroboratione
759 2243 1006 2326 perpetualiter
1042 2243 1250 2324 possideant,

198 2344 362 2424 quatinus
390 2344 467 2425 ipsa
496 2344 657 2424 religiosa
691 2344 821 2419 concio,
853 2363 915 2425 pro
937 2343 1086 2407 remedio
1116 2341 1252 2406 animae

198 2462 306 2519 meae,
327 2451 361 2506 et
380 2463 617 2507 successorum
639 2463 792 2506 meorum
820 2462 941 2524 regum
957 2440 1117 2523 Angliae,
1141 2443 1250 2506 omni·

198 2562 324 2624 umque
343 2530 602 2606 ¹benefactorum
631 2542 782 2606 eiusdem
808 2542 1005 2618 aecclesiae,
1030 2561 1071 2606 ac
1097 2543 1249 2607 fidelium

198 2641 322 2717 salute,
357 2641 541 2723 peruigiles
568 2641 746 2723 persoluat
773 2642 1043 2726 deprecationes
1067 2644 1250 2727 oleumque

197 2741 309 2803 bonae
338 2741 483 2803 actionis
507 2760 601 2803 more
624 2742 830 2822 sapientium
846 2743 1021 2824 uirginum
1040 2743 1104 2805 sub
1127 2741 1249 2807 habitu

197 2839 373 2920 religionis
400 2859 543 2903 seruans
561 2839 699 2904 Christo
720 2842 858 2905 domino
876 2843 1000 2906 eteius
1017 2844 1119 2907 beato
1145 2862 1246 2925 apos-

196 2939 268 3002 tolo
286 2937 392 3002 Petro
409 2939 577 3004 indefesse
598 2940 781 3006 deseruiat.
826 2941 864 3005 Si
887 2943 965 3024 quis
988 2950 1103 3005 autern
1126 2948 1248 3007 contra

196 3039 284 3102 hanc
301 3039 517 3102 auctoritatis
540 3047 679 3103 nostrae
694 3042 856 3122 paginam
880 3042 1037 3115 senserit,
1053 3041 1249 3125 quicunque

195 3139 253 3204 ille
280 3139 394 3215 fuerit,
410 3140 642 3221 cuiuscunque
670 3142 795 3204 aetatis
817 3141 874 3204 uel
901 3142 1096 3223 potcstatis
1117 3141 1246 3222 gradus
1280 3141 1283 3145 ’

195 3247 230 3304 et
248 3240 388 3315 ordiniS,
407 3248 441 3303 et
458 3260 533 3303 cam
551 3239 734 3322 infringere
755 3241 914 3317 uoluerit,
934 3241 990 3303 uel
1007 3239 1094 3305 alios
1113 3242 1157 3304 ad
1181 3240 1247 3306 hoe

121 3372 125 3378 ·
196 3340 411 3415 conduxerit,
431 3342 667 3422 unusquisque
692 3360 755 3423 pro
774 3342 888 3422 seipso
904 3338 1009 3403 libras
1028 3357 1072 3405 .v.
1089 3341 1247 3423 partibus

195 3439 306 3505 sancti
320 3438 415 3502 Petri
432 3438 620 3519 persoluat,
637 3447 672 3502 et
690 3440 853 3522 quicquid
870 3439 995 3502 exinde
1009 3439 1113 3502 fiscus
1129 3447 1248 3504 noster

194 3543 229 3604 in
249 3538 408 3612 murdriS,
425 3537 547 3616 geldis,
564 3538 775 3619 danegeldiS,
795 3540 1021 3621 omnibusque
1044 3539 1121 3602 aliis
1144 3540 1247 3603 rebus

195 3639 249 3703 uel
285 3635 476 3718 stipendiiS,
511 3655 599 3718 quae
631 3637 667 3698 in
701 3639 802 3700 terris
838 3639 906 3700 illis
943 3638 1169 3714 surrexerint,
1201 3640 1246 3703 ad

193 3744 325 3821 partem
350 3741 501 3797 nostram
524 3754 663 3816 sperare
685 3743 832 3817 poterat,
856 3738 892 3800 in
919 3737 1145 3801 luminaribus
1171 3739 1247 3804 siue

193 3839 338 3900 fratrum
356 3835 464 3916 ipsius
486 3835 686 3898 monasterii
703 3837 817 3899 uictus
840 3837 1033 3900 aminiculis
1051 3839 1248 3924 perenniter

194 3956 255 4017 per
277 3940 396 3998 nostra
418 3934 559 3996 oracula
584 3934 627 3996 ad
650 3934 822 4015 integrum
845 3937 891 3999 sit
914 3955 1116 3999 concessum
1139 3944 1245 4020 atque

192 4032 375 4096 indultum.
442 4032 648 4115 Quicunque
689 4054 925 4098 successorum
962 4055 1115 4098 meorum
1154 4036 1245 4102 banc

193 4133 388 4196 donationis
410 4133 603 4196 libertatem
623 4133 766 4198 firmiter
782 4142 886 4216 atquc
904 4135 1150 4200 inuiolabiliter
1165 4155 1244 4200 cus·
