<?xml version="1.0" encoding="UTF-8"?>
<!DOCTYPE html PUBLIC "-//W3C//DTD XHTML 1.0 Transitional//EN"
    "http://www.w3.org/TR/xhtml1/DTD/xhtml1-transitional.dtd">
<html xmlns="http://www.w3.org/1999/xhtml" xml:lang="en" lang="en">
 <head>
  <title>
</title>
<meta http-equiv="Content-Type" content="text/html;charset=utf-8" />
  <meta name='ocr-system' content='tesseract 3.04.00' />
  <meta name='ocr-capabilities' content='ocr_page ocr_carea ocr_par ocr_line ocrx_word'/>
</head>
<body>
  <div class='ocr_page' id='page_1' title='image "./codexdiplomatic03kembgoog_0275.png"; bbox 0 0 2902 4890; ppageno 0'>
   <div class='ocr_carea' id='block_1_1' title="bbox 192 383 988 455">
    <p class='ocr_par' dir='ltr' id='par_1_1' title="bbox 192 383 988 455">
     <span class='ocr_line' id='line_1_1' title="bbox 192 383 988 455; baseline 0.005 -5"><span class='ocrx_word' id='word_1_1' title='bbox 192 383 259 450; x_wconf 79' lang='grc'><strong>248</strong></span> <span class='ocrx_word' id='word_1_2' title='bbox 452 399 622 448; x_wconf 76' lang='lat' dir='ltr'><strong>cnrnrnn</strong></span> <span class='ocrx_word' id='word_1_3' title='bbox 648 399 988 455; x_wconf 77' lang='lat' dir='ltr'><strong>nncuosnxourorn.</strong></span> 
     </span>
    </p>
   </div>
   <div class='ocr_carea' id='block_1_2' title="bbox 193 560 1248 1826">
    <p class='ocr_par' dir='ltr' id='par_1_2' title="bbox 193 560 1248 1826">
     <span class='ocr_line' id='line_1_2' title="bbox 194 560 1246 642; baseline 0.004 -18"><span class='ocrx_word' id='word_1_4' title='bbox 194 566 229 624; x_wconf 90' lang='lat' dir='ltr'><strong>et</strong></span> <span class='ocrx_word' id='word_1_5' title='bbox 256 560 557 638; x_wconf 71' lang='lat' dir='ltr'><strong>flemenessrem‘da</strong></span> <span class='ocrx_word' id='word_1_6' title='bbox 587 579 692 642; x_wconf 87' lang='lat' dir='ltr'><strong>supra</strong></span> <span class='ocrx_word' id='word_1_7' title='bbox 718 580 800 625; x_wconf 84' lang='lat' dir='ltr'><strong>suos</strong></span> <span class='ocrx_word' id='word_1_8' title='bbox 830 561 998 640; x_wconf 89' lang='lat' dir='ltr'><strong>homines,</strong></span> <span class='ocrx_word' id='word_1_9' title='bbox 1028 563 1118 627; x_wconf 89' lang='lat' dir='ltr'><strong>infra</strong></span> <span class='ocrx_word' id='word_1_10' title='bbox 1144 565 1246 628; x_wconf 90' lang='lat' dir='ltr'><strong>urbes</strong></span> 
     </span>
     <span class='ocr_line' id='line_1_3' title="bbox 195 661 1247 747; baseline 0.002 -23"><span class='ocrx_word' id='word_1_11' title='bbox 195 669 230 726; x_wconf 90' lang='lat' dir='ltr'><strong>ct</strong></span> <span class='ocrx_word' id='word_1_12' title='bbox 248 668 361 739; x_wconf 82' lang='lat' dir='ltr'><strong>extra,</strong></span> <span class='ocrx_word' id='word_1_13' title='bbox 378 662 414 724; x_wconf 90' lang='lat' dir='ltr'><strong>in</strong></span> <span class='ocrx_word' id='word_1_14' title='bbox 436 667 571 725; x_wconf 92' lang='lat' dir='ltr'><strong>tantum</strong></span> <span class='ocrx_word' id='word_1_15' title='bbox 590 667 713 724; x_wconf 92' lang='lat' dir='ltr'><strong>ettam</strong></span> <span class='ocrx_word' id='word_1_16' title='bbox 738 661 890 743; x_wconf 89' lang='lat' dir='ltr'><strong>plenarie</strong></span> <span class='ocrx_word' id='word_1_17' title='bbox 908 664 1011 727; x_wconf 87' lang='lat' dir='ltr'><strong>sicuti</strong></span> <span class='ocrx_word' id='word_1_18' title='bbox 1032 664 1163 747; x_wconf 88' lang='lat' dir='ltr'><strong>proprii</strong></span> <span class='ocrx_word' id='word_1_19' title='bbox 1186 665 1247 727; x_wconf 92' lang='lat' dir='ltr'><strong>mi-</strong></span> 
     </span>
     <span class='ocr_line' id='line_1_4' title="bbox 195 760 1247 844; baseline 0.002 -19"><span class='ocrx_word' id='word_1_20' title='bbox 195 760 294 825; x_wconf 89' lang='lat' dir='ltr'><strong>nistri</strong></span> <span class='ocrx_word' id='word_1_21' title='bbox 306 763 372 825; x_wconf 94' lang='lat' dir='ltr'><strong>mei</strong></span> <span class='ocrx_word' id='word_1_22' title='bbox 385 762 565 844; x_wconf 80' lang='lat' dir='ltr'><strong>exquirere</strong></span> <span class='ocrx_word' id='word_1_23' title='bbox 579 761 744 825; x_wconf 88' lang='lat' dir='ltr'><strong>deberent</strong></span> <span class='ocrx_word' id='word_1_24' title='bbox 754 768 789 825; x_wconf 90' lang='lat' dir='ltr'><strong>et</strong></span> <span class='ocrx_word' id='word_1_25' title='bbox 800 761 903 826; x_wconf 87' lang='lat' dir='ltr'><strong>etiam</strong></span> <span class='ocrx_word' id='word_1_26' title='bbox 919 783 1023 844; x_wconf 90' lang='lat' dir='ltr'><strong>snper</strong></span> <span class='ocrx_word' id='word_1_27' title='bbox 1034 771 1087 828; x_wconf 92' lang='lat' dir='ltr'><strong>tot</strong></span> <span class='ocrx_word' id='word_1_28' title='bbox 1101 763 1247 844; x_wconf 85' lang='lat' dir='ltr'><strong>thegnes</strong></span> 
     </span>
     <span class='ocr_line' id='line_1_5' title="bbox 195 861 1246 945; baseline 0.003 -21"><span class='ocrx_word' id='word_1_29' title='bbox 195 870 282 944; x_wconf 93' lang='lat' dir='ltr'><strong>quot</strong></span> <span class='ocrx_word' id='word_1_30' title='bbox 307 861 444 926; x_wconf 89' lang='lat' dir='ltr'><strong>habent.</strong></span> <span class='ocrx_word' id='word_1_31' title='bbox 496 861 542 925; x_wconf 86' lang='lat' dir='ltr'><strong>Et</strong></span> <span class='ocrx_word' id='word_1_32' title='bbox 564 861 644 925; x_wconf 93' lang='lat' dir='ltr'><strong>nolo</strong></span> <span class='ocrx_word' id='word_1_33' title='bbox 670 869 711 925; x_wconf 91' lang='lat' dir='ltr'><strong>ut</strong></span> <span class='ocrx_word' id='word_1_34' title='bbox 730 861 856 945; x_wconf 87' lang='lat' dir='ltr'><strong>aliquis</strong></span> <span class='ocrx_word' id='word_1_35' title='bbox 878 863 1055 926; x_wconf 91' lang='lat' dir='ltr'><strong>hominum</strong></span> <span class='ocrx_word' id='word_1_36' title='bbox 1077 883 1115 927; x_wconf 86' lang='lat' dir='ltr'><strong>se</strong></span> <span class='ocrx_word' id='word_1_37' title='bbox 1136 864 1246 927; x_wconf 89' lang='lat' dir='ltr'><strong>intro·</strong></span> 
     </span>
     <span class='ocr_line' id='line_1_6' title="bbox 196 959 1245 1047; baseline 0.002 -22"><span class='ocrx_word' id='word_1_38' title='bbox 196 963 311 1025; x_wconf 89' lang='lat' dir='ltr'><strong>mittat</strong></span> <span class='ocrx_word' id='word_1_39' title='bbox 338 962 405 1024; x_wconf 93' lang='lat' dir='ltr'><strong>nisi</strong></span> <span class='ocrx_word' id='word_1_40' title='bbox 429 961 495 1043; x_wconf 86' lang='lat' dir='ltr'><strong>ipsi</strong></span> <span class='ocrx_word' id='word_1_41' title='bbox 527 968 562 1025; x_wconf 91' lang='lat' dir='ltr'><strong>et</strong></span> <span class='ocrx_word' id='word_1_42' title='bbox 593 959 740 1025; x_wconf 84' lang='lat' dir='ltr'><strong>ministri</strong></span> <span class='ocrx_word' id='word_1_43' title='bbox 767 981 883 1025; x_wconf 89' lang='lat' dir='ltr'><strong>eorum</strong></span> <span class='ocrx_word' id='word_1_44' title='bbox 908 963 1033 1046; x_wconf 87' lang='lat' dir='ltr'><strong>quibus</strong></span> <span class='ocrx_word' id='word_1_45' title='bbox 1058 963 1126 1047; x_wconf 90' lang='lat' dir='ltr'><strong>ipsi</strong></span> <span class='ocrx_word' id='word_1_46' title='bbox 1151 983 1245 1027; x_wconf 92' lang='lat' dir='ltr'><strong>com-</strong></span> 
     </span>
     <span class='ocr_line' id='line_1_7' title="bbox 194 1061 1246 1145; baseline 0.003 -21"><span class='ocrx_word' id='word_1_47' title='bbox 194 1062 331 1125; x_wconf 87' lang='lat' dir='ltr'><strong>mittere</strong></span> <span class='ocrx_word' id='word_1_48' title='bbox 365 1061 571 1141; x_wconf 85' lang='lat' dir='ltr'><strong>uoluernnt3</strong></span> <span class='ocrx_word' id='word_1_49' title='bbox 611 1069 863 1145; x_wconf 82' lang='lat' dir='ltr'><strong>proptereaque</strong></span> <span class='ocrx_word' id='word_1_50' title='bbox 895 1082 960 1145; x_wconf 85' lang='lat' dir='ltr'><strong>ego</strong></span> <span class='ocrx_word' id='word_1_51' title='bbox 993 1064 1148 1129; x_wconf 85' lang='lat' dir='ltr'><strong>concessi</strong></span> <span class='ocrx_word' id='word_1_52' title='bbox 1182 1063 1246 1127; x_wconf 83' lang='lat' dir='ltr'><strong>has</strong></span> 
     </span>
     <span class='ocr_line' id='line_1_8' title="bbox 195 1161 1248 1246; baseline 0.002 -22"><span class='ocrx_word' id='word_1_53' title='bbox 195 1161 460 1226; x_wconf 90' lang='lat' dir='ltr'><strong>consuetudines</strong></span> <span class='ocrx_word' id='word_1_54' title='bbox 480 1161 620 1226; x_wconf 82' lang='lat' dir='ltr'><strong>Christo</strong></span> <span class='ocrx_word' id='word_1_55' title='bbox 647 1182 710 1245; x_wconf 90' lang='lat' dir='ltr'><strong>pro</strong></span> <span class='ocrx_word' id='word_1_56' title='bbox 741 1169 882 1226; x_wconf 89' lang='lat' dir='ltr'><strong>aeterna</strong></span> <span class='ocrx_word' id='word_1_57' title='bbox 912 1163 1148 1246; x_wconf 85' lang='lat' dir='ltr'><strong>redemptione</strong></span> <span class='ocrx_word' id='word_1_58' title='bbox 1175 1164 1248 1227; x_wconf 87' lang='lat' dir='ltr'><strong>ani-</strong></span> 
     </span>
     <span class='ocr_line' id='line_1_9' title="bbox 193 1261 1246 1346; baseline 0.002 -22"><span class='ocrx_word' id='word_1_59' title='bbox 193 1280 270 1325; x_wconf 90' lang='lat' dir='ltr'><strong>mae</strong></span> <span class='ocrx_word' id='word_1_60' title='bbox 298 1280 418 1336; x_wconf 88' lang='lat' dir='ltr'><strong>meae;</strong></span> <span class='ocrx_word' id='word_1_61' title='bbox 456 1269 492 1326; x_wconf 89' lang='lat' dir='ltr'><strong>et</strong></span> <span class='ocrx_word' id='word_1_62' title='bbox 521 1261 601 1325; x_wconf 92' lang='lat' dir='ltr'><strong>nolo</strong></span> <span class='ocrx_word' id='word_1_63' title='bbox 628 1261 703 1344; x_wconf 86' lang='lat' dir='ltr'><strong>pati</strong></span> <span class='ocrx_word' id='word_1_64' title='bbox 731 1270 769 1325; x_wconf 94' lang='lat' dir='ltr'><strong>ut</strong></span> <span class='ocrx_word' id='word_1_65' title='bbox 799 1263 924 1346; x_wconf 90' lang='lat' dir='ltr'><strong>aliquis</strong></span> <span class='ocrx_word' id='word_1_66' title='bbox 953 1263 1092 1345; x_wconf 80' lang='lat' dir='ltr'><strong>frangat</strong></span> <span class='ocrx_word' id='word_1_67' title='bbox 1123 1282 1183 1327; x_wconf 91' lang='lat' dir='ltr'><strong>eas</strong></span> <span class='ocrx_word' id='word_1_68' title='bbox 1217 1263 1246 1326; x_wconf 91' lang='lat' dir='ltr'><strong>si</strong></span> 
     </span>
     <span class='ocr_line' id='line_1_10' title="bbox 193 1361 1245 1447; baseline 0.003 -24"><span class='ocrx_word' id='word_1_69' title='bbox 193 1380 261 1424; x_wconf 92' lang='lat' dir='ltr'><strong>non</strong></span> <span class='ocrx_word' id='word_1_70' title='bbox 288 1362 366 1425; x_wconf 92' lang='lat' dir='ltr'><strong>uult</strong></span> <span class='ocrx_word' id='word_1_71' title='bbox 395 1362 537 1444; x_wconf 88' lang='lat' dir='ltr'><strong>perdere</strong></span> <span class='ocrx_word' id='word_1_72' title='bbox 565 1361 750 1425; x_wconf 88' lang='lat' dir='ltr'><strong>amicitiam</strong></span> <span class='ocrx_word' id='word_1_73' title='bbox 785 1382 906 1427; x_wconf 89' lang='lat' dir='ltr'><strong>meam.</strong></span> <span class='ocrx_word' id='word_1_74' title='bbox 959 1363 996 1431; x_wconf 87' lang='lat' dir='ltr'><strong>Si</strong></span> <span class='ocrx_word' id='word_1_75' title='bbox 1024 1363 1102 1447; x_wconf 86' lang='lat' dir='ltr'><strong>quis</strong></span> <span class='ocrx_word' id='word_1_76' title='bbox 1129 1371 1245 1427; x_wconf 88' lang='lat' dir='ltr'><strong>autem</strong></span> 
     </span>
     <span class='ocr_line' id='line_1_11' title="bbox 194 1456 1246 1545; baseline 0.003 -22"><span class='ocrx_word' id='word_1_77' title='bbox 194 1461 295 1524; x_wconf 92' lang='lat' dir='ltr'><strong>buius</strong></span> <span class='ocrx_word' id='word_1_78' title='bbox 324 1461 520 1526; x_wconf 83' lang='lat' dir='ltr'><strong>donationis</strong></span> <span class='ocrx_word' id='word_1_79' title='bbox 549 1461 677 1545; x_wconf 92' lang='lat' dir='ltr'><strong>aliquid</strong></span> <span class='ocrx_word' id='word_1_80' title='bbox 705 1461 846 1543; x_wconf 84' lang='lat' dir='ltr'><strong>fregerit</strong></span> <span class='ocrx_word' id='word_1_81' title='bbox 872 1464 1054 1527; x_wconf 86' lang='lat' dir='ltr'><strong>temerario</strong></span> <span class='ocrx_word' id='word_1_82' title='bbox 1083 1456 1175 1526; x_wconf 85' lang='lat' dir='ltr'><strong>ausu</strong></span> <span class='ocrx_word' id='word_1_83' title='bbox 1197 1461 1246 1526; x_wconf 88' lang='lat' dir='ltr'><strong>fa-</strong></span> 
     </span>
     <span class='ocr_line' id='line_1_12' title="bbox 193 1561 1247 1646; baseline 0.003 -22"><span class='ocrx_word' id='word_1_84' title='bbox 193 1562 313 1625; x_wconf 92' lang='lat' dir='ltr'><strong>ciendo</strong></span> <span class='ocrx_word' id='word_1_85' title='bbox 337 1570 397 1625; x_wconf 90' lang='lat' dir='ltr'><strong>aut</strong></span> <span class='ocrx_word' id='word_1_86' title='bbox 420 1562 663 1628; x_wconf 90' lang='lat' dir='ltr'><strong>consentiendo</strong></span> <span class='ocrx_word' id='word_1_87' title='bbox 690 1563 804 1626; x_wconf 87' lang='lat' dir='ltr'><strong>socius</strong></span> <span class='ocrx_word' id='word_1_88' title='bbox 827 1563 873 1627; x_wconf 91' lang='lat' dir='ltr'><strong>sit</strong></span> <span class='ocrx_word' id='word_1_89' title='bbox 889 1562 998 1627; x_wconf 91' lang='lat' dir='ltr'><strong>Iudae</strong></span> <span class='ocrx_word' id='word_1_90' title='bbox 1023 1563 1082 1646; x_wconf 92' lang='lat' dir='ltr'><strong>qui</strong></span> <span class='ocrx_word' id='word_1_91' title='bbox 1106 1561 1247 1627; x_wconf 81' lang='lat' dir='ltr'><strong>tradidit</strong></span> 
     </span>
     <span class='ocr_line' id='line_1_13' title="bbox 195 1660 1246 1745; baseline 0 -21"><span class='ocrx_word' id='word_1_92' title='bbox 195 1660 369 1725; x_wconf 89' lang='lat' dir='ltr'><strong>Christum</strong></span> <span class='ocrx_word' id='word_1_93' title='bbox 395 1670 429 1726; x_wconf 95' lang='lat' dir='ltr'><strong>et</strong></span> <span class='ocrx_word' id='word_1_94' title='bbox 447 1663 490 1727; x_wconf 85' lang='lat' dir='ltr'><strong>ab</strong></span> <span class='ocrx_word' id='word_1_95' title='bbox 511 1663 737 1744; x_wconf 88' lang='lat' dir='ltr'><strong>omnipotenti</strong></span> <span class='ocrx_word' id='word_1_96' title='bbox 756 1663 819 1725; x_wconf 92' lang='lat' dir='ltr'><strong>deo</strong></span> <span class='ocrx_word' id='word_1_97' title='bbox 842 1663 1101 1745; x_wconf 90' lang='lat' dir='ltr'><strong>inperpetuum</strong></span> <span class='ocrx_word' id='word_1_98' title='bbox 1124 1662 1246 1745; x_wconf 91' lang='lat' dir='ltr'><strong>damp-</strong></span> 
     </span>
     <span class='ocr_line' id='line_1_14' title="bbox 194 1769 305 1826; baseline 0.027 -3"><span class='ocrx_word' id='word_1_99' title='bbox 194 1769 305 1826; x_wconf 89' lang='lat' dir='ltr'><strong>netur.</strong></span> 
     </span>
    </p>
   </div>
   <div class='ocr_carea' id='block_1_3' title="bbox 569 1954 870 2170">
    <p class='ocr_par' dir='ltr' id='par_1_3' title="bbox 569 1954 870 2170">
     <span class='ocr_line' id='line_1_15' title="bbox 613 1954 828 2019; baseline -0.009 0"><span class='ocrx_word' id='word_1_100' title='bbox 613 1954 828 2019; x_wconf 77' lang='lat' dir='ltr'><strong>cccccx.</strong></span> 
     </span>
     <span class='ocr_line' id='line_1_16' title="bbox 569 2072 870 2170; baseline -0.003 -2"><span class='ocrx_word' id='word_1_101' title='bbox 569 2072 870 2170; x_wconf 73' lang='lat' dir='ltr'><strong>nnnwnnnn.</strong></span> 
     </span>
    </p>
   </div>
   <div class='ocr_carea' id='block_1_4' title="bbox 194 2244 1248 4134">
    <p class='ocr_par' dir='ltr' id='par_1_4' title="bbox 194 2244 1248 4134">
     <span class='ocr_line' id='line_1_17' title="bbox 251 2244 1248 2329; baseline 0 -20"><span class='ocrx_word' id='word_1_102' title='bbox 251 2247 386 2329; x_wconf 66' lang='lat' dir='ltr'><strong>›14Eco</strong></span> <span class='ocrx_word' id='word_1_103' title='bbox 409 2246 622 2309; x_wconf 90' lang='lat' dir='ltr'><strong>Eadwardus</strong></span> <span class='ocrx_word' id='word_1_104' title='bbox 649 2265 712 2309; x_wconf 88' lang='lat' dir='ltr'><strong>rex</strong></span> <span class='ocrx_word' id='word_1_105' title='bbox 731 2244 924 2326; x_wconf 85' lang='lat' dir='ltr'><strong>Anglorum</strong></span> <span class='ocrx_word' id='word_1_106' title='bbox 954 2245 1093 2310; x_wconf 89' lang='lat' dir='ltr'><strong>notifico</strong></span> <span class='ocrx_word' id='word_1_107' title='bbox 1126 2247 1161 2309; x_wconf 89' lang='lat' dir='ltr'><strong>in</strong></span> <span class='ocrx_word' id='word_1_108' title='bbox 1193 2245 1248 2309; x_wconf 87' lang='lat' dir='ltr'><strong>his</strong></span> 
     </span>
     <span class='ocr_line' id='line_1_18' title="bbox 194 2344 1247 2429; baseline 0 -19"><span class='ocrx_word' id='word_1_109' title='bbox 194 2349 302 2412; x_wconf 88' lang='lat' dir='ltr'><strong>literis</strong></span> <span class='ocrx_word' id='word_1_110' title='bbox 332 2346 490 2411; x_wconf 89' lang='lat' dir='ltr'><strong>omnibus</strong></span> <span class='ocrx_word' id='word_1_111' title='bbox 522 2345 577 2410; x_wconf 92' lang='lat' dir='ltr'><strong>dei</strong></span> <span class='ocrx_word' id='word_1_112' title='bbox 612 2344 769 2409; x_wconf 90' lang='lat' dir='ltr'><strong>fidelibus</strong></span> <span class='ocrx_word' id='word_1_113' title='bbox 800 2345 891 2429; x_wconf 93' lang='lat' dir='ltr'><strong>quod</strong></span> <span class='ocrx_word' id='word_1_114' title='bbox 931 2345 1131 2410; x_wconf 90' lang='lat' dir='ltr'><strong>consiliatus</strong></span> <span class='ocrx_word' id='word_1_115' title='bbox 1170 2366 1247 2410; x_wconf 86' lang='lat' dir='ltr'><strong>sum</strong></span> 
     </span>
     <span class='ocr_line' id='line_1_19' title="bbox 196 2444 1248 2529; baseline -0.001 -18"><span class='ocrx_word' id='word_1_116' title='bbox 196 2468 272 2511; x_wconf 91' lang='lat' dir='ltr'><strong>cnm</strong></span> <span class='ocrx_word' id='word_1_117' title='bbox 295 2448 380 2511; x_wconf 90' lang='lat' dir='ltr'><strong>meis</strong></span> <span class='ocrx_word' id='word_1_118' title='bbox 404 2445 671 2529; x_wconf 84' lang='lat' dir='ltr'><strong>archiepiscopis</strong></span> <span class='ocrx_word' id='word_1_119' title='bbox 695 2453 731 2509; x_wconf 89' lang='lat' dir='ltr'><strong>et</strong></span> <span class='ocrx_word' id='word_1_120' title='bbox 753 2444 924 2529; x_wconf 89' lang='lat' dir='ltr'><strong>episcopis</strong></span> <span class='ocrx_word' id='word_1_121' title='bbox 947 2452 982 2509; x_wconf 89' lang='lat' dir='ltr'><strong>et</strong></span> <span class='ocrx_word' id='word_1_122' title='bbox 1006 2446 1189 2510; x_wconf 84' lang='lat' dir='ltr'><strong>abbatibus</strong></span> <span class='ocrx_word' id='word_1_123' title='bbox 1212 2454 1248 2511; x_wconf 90' lang='lat' dir='ltr'><strong>et</strong></span> 
     </span>
     <span class='ocr_line' id='line_1_20' title="bbox 196 2545 1246 2623; baseline -0.001 -12"><span class='ocrx_word' id='word_1_124' title='bbox 196 2546 388 2623; x_wconf 88' lang='lat' dir='ltr'><strong>comitibus,</strong></span> <span class='ocrx_word' id='word_1_125' title='bbox 417 2554 544 2611; x_wconf 92' lang='lat' dir='ltr'><strong>etcum</strong></span> <span class='ocrx_word' id='word_1_126' title='bbox 570 2546 726 2610; x_wconf 90' lang='lat' dir='ltr'><strong>omnibns</strong></span> <span class='ocrx_word' id='word_1_127' title='bbox 749 2547 834 2609; x_wconf 91' lang='lat' dir='ltr'><strong>meis</strong></span> <span class='ocrx_word' id='word_1_128' title='bbox 858 2545 1057 2622; x_wconf 89' lang='lat' dir='ltr'><strong>baronibus,</strong></span> <span class='ocrx_word' id='word_1_129' title='bbox 1075 2545 1246 2623; x_wconf 90' lang='lat' dir='ltr'><strong>uidelicet,</strong></span> 
     </span>
     <span class='ocr_line' id='line_1_21' title="bbox 196 2645 1248 2730; baseline -0.002 -18"><span class='ocrx_word' id='word_1_130' title='bbox 196 2648 276 2713; x_wconf 95' lang='lat' dir='ltr'><strong>uolo</strong></span> <span class='ocrx_word' id='word_1_131' title='bbox 310 2654 344 2711; x_wconf 90' lang='lat' dir='ltr'><strong>et</strong></span> <span class='ocrx_word' id='word_1_132' title='bbox 381 2647 556 2730; x_wconf 89' lang='lat' dir='ltr'><strong>praecipio</strong></span> <span class='ocrx_word' id='word_1_133' title='bbox 593 2645 685 2730; x_wconf 92' lang='lat' dir='ltr'><strong>quod</strong></span> <span class='ocrx_word' id='word_1_134' title='bbox 724 2647 969 2710; x_wconf 89' lang='lat' dir='ltr'><strong>monasterium</strong></span> <span class='ocrx_word' id='word_1_135' title='bbox 1007 2646 1146 2728; x_wconf 85' lang='lat' dir='ltr'><strong>cognati</strong></span> <span class='ocrx_word' id='word_1_136' title='bbox 1180 2647 1248 2710; x_wconf 89' lang='lat' dir='ltr'><strong>mei</strong></span> 
     </span>
     <span class='ocr_line' id='line_1_22' title="bbox 196 2745 1246 2830; baseline -0.003 -19"><span class='ocrx_word' id='word_1_137' title='bbox 196 2748 308 2811; x_wconf 91' lang='lat' dir='ltr'><strong>sancti</strong></span> <span class='ocrx_word' id='word_1_138' title='bbox 342 2747 538 2811; x_wconf 89' lang='lat' dir='ltr'><strong>Eadmundi</strong></span> <span class='ocrx_word' id='word_1_139' title='bbox 570 2755 605 2811; x_wconf 92' lang='lat' dir='ltr'><strong>et</strong></span> <span class='ocrx_word' id='word_1_140' title='bbox 644 2745 728 2809; x_wconf 93' lang='lat' dir='ltr'><strong>uilla</strong></span> <span class='ocrx_word' id='word_1_141' title='bbox 761 2747 797 2808; x_wconf 91' lang='lat' dir='ltr'><strong>in</strong></span> <span class='ocrx_word' id='word_1_142' title='bbox 836 2765 906 2830; x_wconf 87' lang='lat' dir='ltr'><strong>qua</strong></span> <span class='ocrx_word' id='word_1_143' title='bbox 940 2746 1044 2810; x_wconf 90' lang='lat' dir='ltr'><strong>situm</strong></span> <span class='ocrx_word' id='word_1_144' title='bbox 1073 2752 1127 2810; x_wconf 91' lang='lat' dir='ltr'><strong>est</strong></span> <span class='ocrx_word' id='word_1_145' title='bbox 1159 2746 1246 2809; x_wconf 93' lang='lat' dir='ltr'><strong>illud</strong></span> 
     </span>
     <span class='ocr_line' id='line_1_23' title="bbox 196 2845 1248 2928; baseline -0.001 -16"><span class='ocrx_word' id='word_1_146' title='bbox 196 2848 439 2912; x_wconf 86' lang='lat' dir='ltr'><strong>monasterium</strong></span> <span class='ocrx_word' id='word_1_147' title='bbox 480 2846 525 2910; x_wconf 93' lang='lat' dir='ltr'><strong>sit</strong></span> <span class='ocrx_word' id='word_1_148' title='bbox 570 2845 817 2928; x_wconf 85' lang='lat' dir='ltr'><strong>perpetualiter</strong></span> <span class='ocrx_word' id='word_1_149' title='bbox 851 2847 888 2909; x_wconf 93' lang='lat' dir='ltr'><strong>in</strong></span> <span class='ocrx_word' id='word_1_150' title='bbox 930 2846 1049 2910; x_wconf 89' lang='lat' dir='ltr'><strong>eadem</strong></span> <span class='ocrx_word' id='word_1_151' title='bbox 1087 2846 1248 2911; x_wconf 87' lang='lat' dir='ltr'><strong>libertate</strong></span> 
     </span>
     <span class='ocr_line' id='line_1_24' title="bbox 196 2945 1248 3032; baseline -0.002 -21"><span class='ocrx_word' id='word_1_152' title='bbox 196 2968 299 3032; x_wconf 87' lang='lat' dir='ltr'><strong>qnam</strong></span> <span class='ocrx_word' id='word_1_153' title='bbox 318 2946 411 3011; x_wconf 86' lang='lat' dir='ltr'><strong>Gnut</strong></span> <span class='ocrx_word' id='word_1_154' title='bbox 431 2967 493 3010; x_wconf 86' lang='lat' dir='ltr'><strong>rex</strong></span> <span class='ocrx_word' id='word_1_155' title='bbox 510 2953 546 3009; x_wconf 90' lang='lat' dir='ltr'><strong>ct</strong></span> <span class='ocrx_word' id='word_1_156' title='bbox 561 2945 768 3009; x_wconf 90' lang='lat' dir='ltr'><strong>Hardecnut</strong></span> <span class='ocrx_word' id='word_1_157' title='bbox 785 2965 847 3009; x_wconf 86' lang='lat' dir='ltr'><strong>rex</strong></span> <span class='ocrx_word' id='word_1_158' title='bbox 865 2965 962 3009; x_wconf 91' lang='lat' dir='ltr'><strong>meus</strong></span> <span class='ocrx_word' id='word_1_159' title='bbox 983 2945 1091 3011; x_wconf 85' lang='lat' dir='ltr'><strong>frater</strong></span> <span class='ocrx_word' id='word_1_160' title='bbox 1112 2947 1144 3009; x_wconf 90' lang='lat' dir='ltr'><strong>ei</strong></span> <span class='ocrx_word' id='word_1_161' title='bbox 1166 2966 1248 3011; x_wconf 94' lang='lat' dir='ltr'><strong>con·</strong></span> 
     </span>
     <span class='ocr_line' id='line_1_25' title="bbox 196 3045 1246 3130; baseline -0.001 -19"><span class='ocrx_word' id='word_1_162' title='bbox 196 3055 384 3125; x_wconf 88' lang='lat' dir='ltr'><strong>cesserunt,</strong></span> <span class='ocrx_word' id='word_1_163' title='bbox 401 3054 436 3110; x_wconf 90' lang='lat' dir='ltr'><strong>et</strong></span> <span class='ocrx_word' id='word_1_164' title='bbox 451 3046 543 3130; x_wconf 92' lang='lat' dir='ltr'><strong>quod</strong></span> <span class='ocrx_word' id='word_1_165' title='bbox 564 3045 623 3110; x_wconf 92' lang='lat' dir='ltr'><strong>ille</strong></span> <span class='ocrx_word' id='word_1_166' title='bbox 641 3046 737 3110; x_wconf 89' lang='lat' dir='ltr'><strong>locus</strong></span> <span class='ocrx_word' id='word_1_167' title='bbox 757 3066 935 3129; x_wconf 91' lang='lat' dir='ltr'><strong>nunquam</strong></span> <span class='ocrx_word' id='word_1_168' title='bbox 953 3046 999 3109; x_wconf 90' lang='lat' dir='ltr'><strong>sit</strong></span> <span class='ocrx_word' id='word_1_169' title='bbox 1016 3046 1150 3111; x_wconf 92' lang='lat' dir='ltr'><strong>locatus</strong></span> <span class='ocrx_word' id='word_1_170' title='bbox 1167 3065 1246 3110; x_wconf 91' lang='lat' dir='ltr'><strong>cnm</strong></span> 
     </span>
     <span class='ocr_line' id='line_1_26' title="bbox 196 3146 1248 3231; baseline -0.003 -19"><span class='ocrx_word' id='word_1_171' title='bbox 196 3149 273 3213; x_wconf 86' lang='lat' dir='ltr'><strong>aliis</strong></span> <span class='ocrx_word' id='word_1_172' title='bbox 296 3148 451 3231; x_wconf 88' lang='lat' dir='ltr'><strong>personis</strong></span> <span class='ocrx_word' id='word_1_173' title='bbox 474 3166 578 3229; x_wconf 93' lang='lat' dir='ltr'><strong>quam</strong></span> <span class='ocrx_word' id='word_1_174' title='bbox 606 3166 685 3210; x_wconf 91' lang='lat' dir='ltr'><strong>cum</strong></span> <span class='ocrx_word' id='word_1_175' title='bbox 711 3146 908 3221; x_wconf 81' lang='lat' dir='ltr'><strong>monachis3</strong></span> <span class='ocrx_word' id='word_1_176' title='bbox 934 3165 997 3210; x_wconf 90' lang='lat' dir='ltr'><strong>neo</strong></span> <span class='ocrx_word' id='word_1_177' title='bbox 1023 3146 1149 3229; x_wconf 87' lang='lat' dir='ltr'><strong>aliquis</strong></span> <span class='ocrx_word' id='word_1_178' title='bbox 1175 3147 1248 3229; x_wconf 92' lang='lat' dir='ltr'><strong>epi-</strong></span> 
     </span>
     <span class='ocr_line' id='line_1_27' title="bbox 196 3245 1247 3331; baseline -0.003 -18"><span class='ocrx_word' id='word_1_179' title='bbox 196 3268 322 3331; x_wconf 87' lang='lat' dir='ltr'><strong>scopus</strong></span> <span class='ocrx_word' id='word_1_180' title='bbox 347 3248 406 3331; x_wconf 93' lang='lat' dir='ltr'><strong>qui</strong></span> <span class='ocrx_word' id='word_1_181' title='bbox 434 3252 498 3323; x_wconf 90' lang='lat' dir='ltr'><strong>est,</strong></span> <span class='ocrx_word' id='word_1_182' title='bbox 519 3246 576 3311; x_wconf 91' lang='lat' dir='ltr'><strong>uel</strong></span> <span class='ocrx_word' id='word_1_183' title='bbox 596 3265 749 3329; x_wconf 88' lang='lat' dir='ltr'><strong>unquam</strong></span> <span class='ocrx_word' id='word_1_184' title='bbox 774 3247 851 3323; x_wconf 90' lang='lat' dir='ltr'><strong>erit,</strong></span> <span class='ocrx_word' id='word_1_185' title='bbox 868 3247 902 3308; x_wconf 92' lang='lat' dir='ltr'><strong>in</strong></span> <span class='ocrx_word' id='word_1_186' title='bbox 922 3245 1066 3311; x_wconf 84' lang='lat' dir='ltr'><strong>Norsolc</strong></span> <span class='ocrx_word' id='word_1_187' title='bbox 1091 3246 1147 3310; x_wconf 90' lang='lat' dir='ltr'><strong>uel</strong></span> <span class='ocrx_word' id='word_1_188' title='bbox 1171 3246 1247 3310; x_wconf 89' lang='lat' dir='ltr'><strong>Suf-</strong></span> 
     </span>
     <span class='ocr_line' id='line_1_28' title="bbox 196 3345 1247 3429; baseline -0.004 -16"><span class='ocrx_word' id='word_1_189' title='bbox 196 3349 276 3426; x_wconf 85' lang='lat' dir='ltr'><strong>folc,</strong></span> <span class='ocrx_word' id='word_1_190' title='bbox 304 3348 430 3412; x_wconf 91' lang='lat' dir='ltr'><strong>habeat</strong></span> <span class='ocrx_word' id='word_1_191' title='bbox 456 3366 608 3428; x_wconf 90' lang='lat' dir='ltr'><strong>unquam</strong></span> <span class='ocrx_word' id='word_1_192' title='bbox 638 3353 847 3428; x_wconf 89' lang='lat' dir='ltr'><strong>potestatem</strong></span> <span class='ocrx_word' id='word_1_193' title='bbox 878 3345 1029 3429; x_wconf 88' lang='lat' dir='ltr'><strong>aliquam</strong></span> <span class='ocrx_word' id='word_1_194' title='bbox 1060 3347 1096 3409; x_wconf 94' lang='lat' dir='ltr'><strong>in</strong></span> <span class='ocrx_word' id='word_1_195' title='bbox 1126 3347 1247 3410; x_wconf 90' lang='lat' dir='ltr'><strong>eodem</strong></span> 
     </span>
     <span class='ocr_line' id='line_1_29' title="bbox 197 3446 1246 3515; baseline -0.002 -3"><span class='ocrx_word' id='word_1_196' title='bbox 197 3448 404 3515; x_wconf 84' lang='lat' dir='ltr'><strong>monasterio</strong></span> <span class='ocrx_word' id='word_1_197' title='bbox 438 3466 501 3510; x_wconf 93' lang='lat' dir='ltr'><strong>nec</strong></span> <span class='ocrx_word' id='word_1_198' title='bbox 529 3446 619 3510; x_wconf 83' lang='lat' dir='ltr'><strong>infra</strong></span> <span class='ocrx_word' id='word_1_199' title='bbox 648 3446 734 3509; x_wconf 85' lang='lat' dir='ltr'><strong>fines</strong></span> <span class='ocrx_word' id='word_1_200' title='bbox 764 3446 915 3509; x_wconf 89' lang='lat' dir='ltr'><strong>eiusdem</strong></span> <span class='ocrx_word' id='word_1_201' title='bbox 948 3446 1053 3510; x_wconf 92' lang='lat' dir='ltr'><strong>uillae</strong></span> <span class='ocrx_word' id='word_1_202' title='bbox 1087 3446 1246 3510; x_wconf 87' lang='lat' dir='ltr'><strong>crucibus</strong></span> 
     </span>
     <span class='ocr_line' id='line_1_30' title="bbox 199 3545 1245 3630; baseline -0.004 -17"><span class='ocrx_word' id='word_1_203' title='bbox 199 3549 408 3630; x_wconf 78' lang='lat' dir='ltr'><strong>designatos,</strong></span> <span class='ocrx_word' id='word_1_204' title='bbox 461 3546 506 3609; x_wconf 89' lang='lat' dir='ltr'><strong>Et</strong></span> <span class='ocrx_word' id='word_1_205' title='bbox 523 3545 682 3609; x_wconf 90' lang='lat' dir='ltr'><strong>monachi</strong></span> <span class='ocrx_word' id='word_1_206' title='bbox 707 3547 766 3629; x_wconf 92' lang='lat' dir='ltr'><strong>qui</strong></span> <span class='ocrx_word' id='word_1_207' title='bbox 789 3547 836 3611; x_wconf 93' lang='lat' dir='ltr'><strong>ibi</strong></span> <span class='ocrx_word' id='word_1_208' title='bbox 862 3545 993 3628; x_wconf 84' lang='lat' dir='ltr'><strong>degunt</strong></span> <span class='ocrx_word' id='word_1_209' title='bbox 1020 3546 1151 3628; x_wconf 84' lang='lat' dir='ltr'><strong>eligant</strong></span> <span class='ocrx_word' id='word_1_210' title='bbox 1180 3547 1245 3609; x_wconf 86' lang='lat' dir='ltr'><strong>sibi</strong></span> 
     </span>
     <span class='ocr_line' id='line_1_31' title="bbox 198 3645 1244 3728; baseline -0.005 -14"><span class='ocrx_word' id='word_1_211' title='bbox 198 3646 357 3714; x_wconf 84' lang='lat' dir='ltr'><strong>abbatem</strong></span> <span class='ocrx_word' id='word_1_212' title='bbox 372 3648 414 3711; x_wconf 95' lang='lat' dir='ltr'><strong>de</strong></span> <span class='ocrx_word' id='word_1_213' title='bbox 430 3647 552 3728; x_wconf 91' lang='lat' dir='ltr'><strong>seipsis</strong></span> <span class='ocrx_word' id='word_1_214' title='bbox 573 3645 675 3709; x_wconf 92' lang='lat' dir='ltr'><strong>sicuti</strong></span> <span class='ocrx_word' id='word_1_215' title='bbox 693 3646 802 3710; x_wconf 90' lang='lat' dir='ltr'><strong>cidem</strong></span> <span class='ocrx_word' id='word_1_216' title='bbox 820 3647 1028 3711; x_wconf 89' lang='lat' dir='ltr'><strong>monasterio</strong></span> <span class='ocrx_word' id='word_1_217' title='bbox 1050 3653 1085 3710; x_wconf 90' lang='lat' dir='ltr'><strong>et</strong></span> <span class='ocrx_word' id='word_1_218' title='bbox 1105 3645 1244 3710; x_wconf 88' lang='lat' dir='ltr'><strong>eaedem</strong></span> 
     </span>
     <span class='ocr_line' id='line_1_32' title="bbox 200 3745 1247 3830; baseline -0.004 -16"><span class='ocrx_word' id='word_1_219' title='bbox 200 3750 302 3814; x_wconf 89' lang='lat' dir='ltr'><strong>uillae</strong></span> <span class='ocrx_word' id='word_1_220' title='bbox 320 3746 483 3813; x_wconf 87' lang='lat' dir='ltr'><strong>concessi.</strong></span> <span class='ocrx_word' id='word_1_221' title='bbox 523 3745 731 3810; x_wconf 88' lang='lat' dir='ltr'><strong>Permaneat</strong></span> <span class='ocrx_word' id='word_1_222' title='bbox 758 3747 794 3810; x_wconf 93' lang='lat' dir='ltr'><strong>in</strong></span> <span class='ocrx_word' id='word_1_223' title='bbox 819 3753 1036 3830; x_wconf 90' lang='lat' dir='ltr'><strong>perpetuum,</strong></span> <span class='ocrx_word' id='word_1_224' title='bbox 1051 3746 1247 3829; x_wconf 91' lang='lat' dir='ltr'><strong>ubicunque</strong></span> 
     </span>
     <span class='ocr_line' id='line_1_33' title="bbox 200 3846 1246 3922; baseline -0.006 -7"><span class='ocrx_word' id='word_1_225' title='bbox 200 3852 328 3915; x_wconf 86' lang='lat' dir='ltr'><strong>habent</strong></span> <span class='ocrx_word' id='word_1_226' title='bbox 340 3846 497 3913; x_wconf 81' lang='lat' dir='ltr'><strong>monachi</strong></span> <span class='ocrx_word' id='word_1_227' title='bbox 510 3853 619 3910; x_wconf 85' lang='lat' dir='ltr'><strong>terras</strong></span> <span class='ocrx_word' id='word_1_228' title='bbox 636 3847 709 3910; x_wconf 90' lang='lat' dir='ltr'><strong>siue</strong></span> <span class='ocrx_word' id='word_1_229' title='bbox 722 3846 890 3922; x_wconf 90' lang='lat' dir='ltr'><strong>homines,</strong></span> <span class='ocrx_word' id='word_1_230' title='bbox 899 3865 960 3910; x_wconf 88' lang='lat' dir='ltr'><strong>sen</strong></span> <span class='ocrx_word' id='word_1_231' title='bbox 973 3846 1175 3910; x_wconf 83' lang='lat' dir='ltr'><strong>infuturum</strong></span> <span class='ocrx_word' id='word_1_232' title='bbox 1191 3866 1246 3910; x_wconf 89' lang='lat' dir='ltr'><strong>ac·</strong></span> 
     </span>
     <span class='ocr_line' id='line_1_34' title="bbox 200 3945 1245 4034; baseline -0.005 -20"><span class='ocrx_word' id='word_1_233' title='bbox 200 3951 336 4034; x_wconf 87' lang='lat' dir='ltr'><strong>quirent</strong></span> <span class='ocrx_word' id='word_1_234' title='bbox 348 3968 408 4032; x_wconf 91' lang='lat' dir='ltr'><strong>per</strong></span> <span class='ocrx_word' id='word_1_235' title='bbox 424 3947 478 4011; x_wconf 90' lang='lat' dir='ltr'><strong>dei</strong></span> <span class='ocrx_word' id='word_1_236' title='bbox 496 3946 664 4010; x_wconf 84' lang='lat' dir='ltr'><strong>auxilium</strong></span> <span class='ocrx_word' id='word_1_237' title='bbox 679 3953 714 4009; x_wconf 90' lang='lat' dir='ltr'><strong>et</strong></span> <span class='ocrx_word' id='word_1_238' title='bbox 730 3947 896 4011; x_wconf 91' lang='lat' dir='ltr'><strong>bonorum</strong></span> <span class='ocrx_word' id='word_1_239' title='bbox 913 3946 1099 4009; x_wconf 89' lang='lat' dir='ltr'><strong>hominum.</strong></span> <span class='ocrx_word' id='word_1_240' title='bbox 1141 3945 1245 4010; x_wconf 92' lang='lat' dir='ltr'><strong>Nunc</strong></span> 
     </span>
     <span class='ocr_line' id='line_1_35' title="bbox 202 4045 1246 4134; baseline -0.007 -18"><span class='ocrx_word' id='word_1_241' title='bbox 202 4053 308 4134; x_wconf 69' lang='lat' dir='ltr'><strong>igitur</strong></span> <span class='ocrx_word' id='word_1_242' title='bbox 335 4069 418 4130; x_wconf 84' lang='lat' dir='ltr'><strong>rogo</strong></span> <span class='ocrx_word' id='word_1_243' title='bbox 448 4067 565 4111; x_wconf 92' lang='lat' dir='ltr'><strong>omnes</strong></span> <span class='ocrx_word' id='word_1_244' title='bbox 591 4045 646 4109; x_wconf 93' lang='lat' dir='ltr'><strong>dei</strong></span> <span class='ocrx_word' id='word_1_245' title='bbox 675 4047 803 4109; x_wconf 89' lang='lat' dir='ltr'><strong>amicos</strong></span> <span class='ocrx_word' id='word_1_246' title='bbox 832 4046 891 4129; x_wconf 92' lang='lat' dir='ltr'><strong>qui</strong></span> <span class='ocrx_word' id='word_1_247' title='bbox 921 4065 1011 4109; x_wconf 91' lang='lat' dir='ltr'><strong>nunc</strong></span> <span class='ocrx_word' id='word_1_248' title='bbox 1035 4046 1160 4109; x_wconf 91' lang='lat' dir='ltr'><strong>uiuunt</strong></span> <span class='ocrx_word' id='word_1_249' title='bbox 1184 4065 1246 4109; x_wconf 86' lang='lat' dir='ltr'><strong>seu</strong></span> 
     </span>
    </p>
   </div>
   <div class='ocr_carea' id='block_1_5' title="bbox 203 4145 1246 4233">
    <p class='ocr_par' dir='ltr' id='par_1_5' title="bbox 203 4145 1246 4233">
     <span class='ocr_line' id='line_1_36' title="bbox 203 4145 1246 4233; baseline -0.007 -16"><span class='ocrx_word' id='word_1_250' title='bbox 203 4150 308 4217; x_wconf 78' lang='lat' dir='ltr'><strong>t&#39;uturi</strong></span> <span class='ocrx_word' id='word_1_251' title='bbox 321 4157 413 4226; x_wconf 89' lang='lat' dir='ltr'><strong>sunt,</strong></span> <span class='ocrx_word' id='word_1_252' title='bbox 430 4149 520 4233; x_wconf 92' lang='lat' dir='ltr'><strong>quod</strong></span> <span class='ocrx_word' id='word_1_253' title='bbox 537 4167 599 4230; x_wconf 90' lang='lat' dir='ltr'><strong>pro</strong></span> <span class='ocrx_word' id='word_1_254' title='bbox 618 4147 739 4210; x_wconf 90' lang='lat' dir='ltr'><strong>timore</strong></span> <span class='ocrx_word' id='word_1_255' title='bbox 756 4145 810 4210; x_wconf 92' lang='lat' dir='ltr'><strong>dei</strong></span> <span class='ocrx_word' id='word_1_256' title='bbox 825 4166 999 4230; x_wconf 90' lang='lat' dir='ltr'><strong>nunquam</strong></span> <span class='ocrx_word' id='word_1_257' title='bbox 1021 4146 1090 4209; x_wconf 90' lang='lat' dir='ltr'><strong>sint</strong></span> <span class='ocrx_word' id='word_1_258' title='bbox 1114 4145 1149 4208; x_wconf 92' lang='lat' dir='ltr'><strong>in</strong></span> <span class='ocrx_word' id='word_1_259' title='bbox 1168 4146 1246 4210; x_wconf 89' lang='lat' dir='ltr'><strong>loco</strong></span> 
     </span>
    </p>
   </div>
   <div class='ocr_carea' id='block_1_6' title="bbox 0 0 1460 4890">
    <p class='ocr_par' dir='ltr' id='par_1_6' title="bbox 0 0 1460 4890">
     <span class='ocr_line' id='line_1_37' title="bbox 0 0 1460 4890; baseline 0 0"><span class='ocrx_word' id='word_1_260' title='bbox 0 0 1460 4890; x_wconf 95' lang='lat' dir='ltr'><strong> </strong></span> 
     </span>
    </p>
   </div>
  </div>
 </body>
</html>
