2902 4890
186 367 251 431 152
453 382 625 431 cunnrnn
649 382 990 432 nncnosnxomcnn.

191 541 345 605 sessione
361 542 405 604 ad
415 540 554 606 Christo
572 542 787 607 seruiendum
805 540 1143 616 commendauernnt,
1155 558 1243 621 qua-

194 643 287 704 tinus
310 643 409 705 nobis
426 642 460 705 in
486 662 665 706 commune
687 642 880 706 misericors
903 648 939 705 et
958 640 1106 704 clemens
1129 660 1244 703 rerum

192 741 349 805 conditor
387 741 431 806 ad
467 742 736 806 uicissitudinem
777 741 878 805 huius
916 740 1169 804 munificentiae
1208 747 1244 802 et
1345 775 1348 779 ⁴

194 842 463 906 emolumentum
486 842 670 924 largitatis,
688 849 803 905 errata
818 841 1030 923 piaculorum
1052 838 1246 920 indulgeat,

194 949 229 1006 et
246 941 405 1006 coelestis
425 943 522 1023 regni
539 943 784 1006 beatitudinem
808 941 994 1023 impendat.
1046 939 1117 1018 Qui
1138 941 1243 1004 etiam

196 1041 372 1123 praefatus
395 1044 501 1106 abbas
519 1042 785 1106 Erkenuualdus
806 1040 891 1104 illud
914 1040 1132 1123 priuilegium
1151 1039 1245 1121 quod

195 1141 362 1206 hactenns
384 1144 420 1205 in
442 1143 598 1225 praelato
627 1142 772 1205 habetur
793 1141 1001 1205 monasterio
1022 1141 1057 1202 in
1075 1140 1247 1204 Romulea

195 1244 279 1304 urbe
300 1244 440 1323 petebat
458 1243 502 1305 ab
516 1241 701 1323 Agathone
718 1260 820 1323 papa,
834 1241 970 1323 aliaque
992 1241 1247 1323 quamplurima

195 1342 377 1422 priuilegia
403 1361 492 1425 quae
522 1342 629 1405 nostri
657 1347 891 1405 antecessores
921 1359 984 1423 pro
1011 1340 1247 1423 redemptione

194 1441 385 1504 animarum
420 1461 573 1517 suarum,
603 1446 638 1503 et
672 1460 734 1522 pro
760 1440 920 1504 coelestis
948 1441 1044 1522 regni
1076 1440 1245 1505 desiderio

193 1542 458 1617 constituerunt,
477 1541 512 1603 in
536 1541 595 1604 illo
625 1541 832 1604 monasterio
856 1540 987 1622 scripta
1014 1541 1245 1603 continentur.

196 1639 294 1703 Haec
322 1647 375 1703 est
399 1639 621 1703 interimilla
646 1639 786 1703 libertas
810 1660 914 1722 quam
937 1647 977 1703 ut
999 1640 1247 1722 perpetualiter

193 1741 229 1803 in
262 1738 459 1822 saepedicto
494 1739 702 1803 monasterio
733 1748 933 1822 permaneat
972 1741 1086 1803 animo
1125 1739 1247 1804 libenti

195 1842 380 1916 constituo,
405 1838 470 1903 hoc
493 1847 546 1903 est
563 1856 608 1902 .V.
626 1858 763 1902 mansas
786 1841 821 1903 in
844 1842 913 1904 situ
935 1840 1086 1904 eiusdem
1108 1859 1247 1904 monas-

195 1940 271 2004 terii
291 1956 340 2002 .x.
359 1939 462 2001 etiam
487 1946 531 2002 aet
548 1944 664 2020 Dorpe
684 1956 757 2002 .xv‚
776 1946 821 2003 aet
837 1940 993 2021 Egeham
1011 1957 1060 2004 .x.
1079 1946 1115 2003 et
1132 1939 1246 2004 Chab-
1275 2021 1278 2028 Ι

193 2040 328 2116 behem,
347 2057 434 2120 quas
457 2040 500 2101 ab
520 2039 613 2102 omni
636 2039 745 2120 regali
768 2039 896 2103 tributo
917 2041 1042 2104 liberas
1065 2060 1140 2104 esse
1162 2061 1244 2105 con-

195 2140 291 2215 cedo,
319 2146 354 2201 et
380 2137 469 2201 hanc
492 2138 664 2220 priuilegii
692 2139 895 2221 dignitatem
924 2140 1073 2217 confero,
1105 2148 1145 2203 ut
1170 2142 1245 2205 sine

194 2238 436 2320 impedimento
469 2238 698 2301 saecularium
736 2258 849 2302 rerum
884 2247 919 2303 et
952 2242 1082 2323 absque
1115 2242 1247 2307 tributo

194 2338 359 2403 fiscalium
394 2339 621 2418 negotiorum,
649 2339 742 2402 illius
775 2339 842 2402 loci
875 2338 1099 2417 habitatores,
1129 2340 1247 2405 liberis

195 2439 366 2502 mentibus
386 2437 450 2500 deo
473 2437 538 2500 soli
554 2438 720 2516 seruient,
737 2446 772 2502 et
794 2440 1020 2504 monasticam
1036 2440 1247 2504 coenobialis

193 2541 286 2603 uitae
313 2527 528 2619 disciplinam
548 2537 687 2602 Christo
712 2538 914 2621 suffragium
945 2540 1114 2622 largiente
1144 2561 1246 2622 regu·

194 2640 311 2704 lariter
337 2647 533 2715 exerceant,
557 2658 597 2702 ac
626 2659 689 2721 pro
713 2647 806 2702 statu
834 2648 869 2705 et
891 2641 1120 2722 prosperitate
1148 2643 1248 2722 regni

195 2740 303 2804 nostri
333 2745 369 2801 et
400 2738 615 2819 indulgentia
651 2740 909 2803 commissorum
947 2741 1126 2804 criminum
1164 2749 1248 2805 ante

194 2846 415 2922 conspectum
448 2838 585 2900 diuinae
619 2839 809 2902 maiestatis
842 2859 961 2920 preces
992 2840 1134 2904 fundere
1164 2861 1245 2905 con-

194 2950 306 3015 entur,
323 2946 358 3002 et
380 2938 572 3001 orationum
596 2937 708 3001 officia
730 2938 988 3020 frequentantes
1010 2941 1046 3003 in
1069 2940 1247 3006 aecclesiis

196 3061 256 3126 pro
280 3044 398 3102 nostra
422 3036 612 3118 fragilitate
638 3038 812 3101 dominum
835 3040 1054 3121 interpellare
1081 3041 1246 3108 nitantur.

197 3142 295 3206 Haec
321 3143 375 3201 est
396 3137 484 3199 enim
510 3136 643 3220 reliqua
667 3138 863 3202 uillularum
893 3141 1065 3222 possessio
1088 3159 1178 3222 queo
1200 3142 1246 3205 ad

197 3240 337 3307 eundem
361 3238 605 3300 monasterium
630 3239 696 3302 rite
718 3239 872 3302 noscitur
893 3241 1064 3321 pertinere
1082 3256 1132 3304 .Χ.
1147 3261 1245 3305 man·

197 3361 253 3409 sas
276 3338 365 3421 apud
389 3335 659 3401 Piterichesham
681 3354 755 3403 ΝΠ.
774 3358 912 3415 mansas
930 3347 977 3402 aet
993 3340 1144 3421 Totinge
1166 3361 1247 3405 cum

198 3440 369 3521 Stratham
396 3453 468 3500 ,vm
488 3456 627 3500 mansas
655 3444 702 3502 eet
726 3438 891 3515 Micham,
921 3447 956 3504 et
983 3437 1134 3503 Sudtone
1164 3458 1245 3509 .ΧΧ.

128 3554 132 3559 ·
199 3560 331 3611 mansas
365 3556 439 3600 cum
475 3536 659 3601 Baenstede
692 3545 728 3601 et
761 3557 838 3601 cum
872 3536 1178 3618 Subemeresielda,
1212 3551 1248 3608 et

138 3678 141 3683 ·
201 3639 414 3730 Hyoetedune
439 3653 517 3700 .xx.
540 3656 679 3702 mansas
706 3657 783 3700 cum
812 3636 1076 3703 Cudredesdune
1104 3645 1246 3706 etcum

202 3742 405 3815 Cealiadune
437 3753 513 3802 .xx.
550 3737 641 3818 apud
673 3736 860 3814 Mestham‚
901 3747 936 3803 et
973 3737 1166 3821 Chepstede
1201 3760 1246 3808 .V.

205 3863 335 3916 mansas
358 3854 437 3905 .xx.
458 3855 596 3899 mansas
621 3846 668 3900 aet
686 3836 858 3901 Ebesham
874 3858 951 3902 cum
969 3855 1027 3903 ,v1.
1044 3840 1174 3903 mansis
1199 3850 1247 3907 eet

207 3948 392 4018 Gndintone
430 3945 465 4001 et
494 3955 572 3999 cum
602 3953 646 4000 .V.
673 3938 801 4000 mansis
829 3947 875 4002 eet
901 3936 1141 4004 Daeddeunrile
1165 3959 1245 4007 .xx.

210 4066 338 4119 amns
358 4038 402 4106 at
416 4035 567 4103 Bocham
591 4056 667 4099 cum
687 4035 911 4118 Effingeharn,
939 4046 974 4103 et
996 4059 1073 4103 cum
1090 4037 1245 4120 otiliam,

214 4168 330 4221 nnn
345 4135 608 4220 Piccingauurbe
629 4153 708 4202 .xx.
727 4157 865 4203 mansas
888 4146 933 4203 aet
948 4138 1148 4205 Coucnham
1166 4163 1246 4231 cum
