2902 4890
458 346 632 395 onsurae
655 344 996 397 ancnosrxomoaa.
1185 329 1248 394 131

195 522 321 585 umque
338 504 624 570 communicanda
641 505 905 570 necessitatibus
931 524 994 588 pro
1016 503 1246 587 possibilitate

195 603 332 681 uirium,
354 603 460 670 saciat
486 605 565 685 sibi,
587 606 775 671 secundum
797 606 982 671 saluatoris
1010 614 1243 688 praeceptum,

194 704 322 769 amicos
340 705 383 769 de
398 724 596 771 mammona
613 705 820 788 iniquitatis,
843 707 902 789 qui
922 726 999 771 eum
1022 706 1190 788 recipiant
1206 707 1241 770 in

194 810 337 870 aeterna
367 806 601 872 tabernacula.
654 805 887 886 Quamobrem
919 826 985 889 ego
1020 806 1244 884 Eadwardus,

193 902 312 969 diuina
328 905 582 972 collubescente
602 907 728 989 gratia,
740 906 900 995 Albionis
925 927 988 971 rex
1011 907 1241 989 primicerius·

192 1022 271 1087 quc,
289 1005 465 1087 quandam
478 1007 569 1071 ruris
586 1006 791 1090 particulam
808 1004 1000 1072 .v.'scilicet
1014 1015 1241 1085 cassatorum,

191 1104 268 1169 loco
286 1105 348 1188 qui
365 1106 503 1189 uulgari
518 1106 756 1188 [uocitamine]
773 1107 890 1171 Lench
908 1107 1045 1184 dicitur,
1060 1127 1136 1171 meo
1152 1108 1243 1171 fideli

193 1204 277 1269 mihi
292 1205 421 1288 oppido
438 1207 497 1290 qui
515 1208 559 1271 ab
575 1206 717 1273 huiusce
733 1206 867 1273 insulae
888 1207 1054 1290 gnosticis
1076 1215 1158 1271 noto
1177 1207 1244 1271 Os-

192 1304 267 1370 ier'd
287 1314 507 1391 nuncupatur
524 1314 697 1385 onomate,
716 1308 752 1371 in
772 1315 946 1372 aeternam
969 1307 1099 1389 largior
1123 1308 1243 1373 haere-

192 1405 349 1484 ditatem,
362 1413 403 1471 ut
415 1409 502 1490 ipse,
515 1408 590 1472 uita
605 1406 742 1485 comite,
758 1428 835 1472 cum
855 1409 1013 1472 omnibus
1028 1409 1243 1487 utensilibus

193 1506 316 1588 pratis,
325 1506 497 1586 uidelicet,
512 1509 662 1590 pascuis,
679 1508 871 1585 siluis,uoti
887 1528 1028 1589 compos
1043 1507 1185 1588 habeat;
1209 1518 1244 1575 et

193 1612 273 1690 post
285 1606 382 1672 uitae
395 1627 479 1672 suae
494 1609 676 1673 terminum
690 1609 951 1691 quibuscunque
965 1609 1112 1676 uoluerit
1124 1610 1243 1672 immu-

193 1725 271 1771 nem
301 1706 530 1791 derelinquat.
589 1709 644 1773 Sit
675 1715 790 1773 autem
824 1709 1036 1791 praedictum
1067 1729 1125 1772 rus
1151 1710 1245 1774 omni

193 1812 351 1872 terrenae
371 1809 551 1873 seruitutis
573 1809 657 1890 iugo
680 1809 838 1886 liberum,
856 1809 967 1873 tribus
983 1811 1151 1892 exceptis,
1167 1819 1244 1875 rata

195 1906 357 1973 uidelicet
369 1909 599 1991 expeditione,
610 1909 738 1991 pontis,
752 1910 886 1973 arcisue
900 1911 1162 1974 restauratione.
1206 1912 1244 1975 Si

195 2008 271 2091 quis
292 2008 402 2090 igitur
424 2009 514 2073 hanc
536 2016 690 2074 nostram
718 2009 938 2074 donationem
962 2011 998 2073 in
1024 2010 1117 2073 aliud
1140 2030 1244 2092 quam

195 2108 435 2173 constituimus
472 2109 657 2174 transferre
691 2109 852 2187 uoluerit,
881 2111 1038 2192 priuatus
1072 2111 1245 2175 consortio

195 2216 335 2273 sanctae
352 2209 407 2273 dei
423 2209 610 2275 aecclesiae
625 2211 775 2275 aeternis
790 2210 944 2274 barathri
959 2209 1126 2275 incendiis
1144 2210 1244 2292 lugu-

195 2308 265 2373 bris
278 2309 410 2392 iugiter
427 2330 506 2375 cum
530 2309 621 2375 Iuda
642 2309 771 2375 Christi
787 2311 961 2393 proditore
987 2310 1130 2392 eiusque
1154 2330 1245 2374 com-

196 2408 342 2491 plicibus
371 2411 546 2494 puniatur,
581 2411 611 2474 si
638 2430 707 2474 non
744 2411 979 2475 satisfactione
1013 2411 1246 2475 emendauerit

195 2528 350 2592 congrua
362 2511 455 2594 quod
471 2519 592 2576 contra
609 2519 763 2576 nostrum
777 2511 922 2594 deliquit
939 2512 1124 2576 decretum.
1177 2511 1247 2576 His

197 2610 297 2675 metis
320 2611 515 2693 praefatum
529 2632 589 2677 rus
605 2611 684 2676 hino
700 2612 779 2674 inde
794 2619 949 2694 gyratur.
987 2603 1067 2676 Her
1081 2611 1246 2677 swutelab

198 2729 241 2774 on
265 2709 396 2779 dissere
417 2701 484 2776 boo
507 2716 579 2777 ticet
603 2711 728 2776 Osfer'o
753 2711 857 2776 bohte
882 2729 927 2776 .v.
950 2711 1031 2776 hida
1057 2713 1176 2777 landes
1200 2723 1247 2779 aet

200 2809 313 2876 Leuce
326 2819 373 2877 cet
383 2812 515 2877 Lifince
527 2812 688 2896 bisceope
703 2816 822 2897 breona
836 2830 965 2875 manua
979 2812 1068 2894 daeg,
1078 2815 1148 2878 mid
1165 2833 1247 2881 saca

199 2913 264 2976 and
281 2911 352 2975 mid
369 2904 486 2990 socne,
500 2933 546 2978 on
560 2901 609 2978 tta
625 2901 731 2995 gerad
744 2919 817 2977 rraet
833 2913 875 2976 he
892 2919 1006 2978 werae
1022 2905 1061 2978 hi
1075 2914 1127 2978 for
1139 2933 1189 2980 .11.
1201 2938 1246 2980 on

198 3010 265 3076 haes
293 3032 443 3095 cyncges
469 3013 698 3095 gehwitnesse
725 3014 861 3078 audon
887 3013 982 3078 ealra
1008 3015 1061 3078 his
1084 3015 1245 3082 hwitena.

200 3111 345 3177 Ualetel

251 3214 291 3295 ᾧ
307 3212 383 3295 Ego
400 3213 613 3279 Eadwardus
629 3233 691 3277 rex
710 3214 818 3278 totius
837 3213 1040 3277 Britanniae
1055 3214 1245 3294 praefatam

198 3313 418 3378 donationem
449 3333 527 3377 cum
560 3313 675 3396 sigillo
709 3321 851 3378 sanctae
889 3313 1000 3376 crucis
1034 3313 1244 3378 confirmaui.

203 3415 242 3496 ›1‹
264 3413 342 3495 Ego
368 3413 534 3478 AElfricus
563 3413 840 3499 archiepiscopus
868 3413 1036 3478 consensi.
1105 3416 1144 3495 ›1‹
1170 3415 1246 3498 Ego

200 3514 387 3596 stigandus
411 3514 593 3598 episcopus
622 3516 792 3579 consensi.
848 3517 887 3596 ›1‹
915 3515 991 3596 Ego
1021 3514 1246 3579 AEtielstanus

199 3615 382 3697 episcopus
420 3615 591 3680 consensi.
663 3617 702 3696 *1⁴
732 3614 806 3696 Ego
844 3615 1024 3679 Wulsinus
1064 3617 1246 3698 episcopus

199 3713 366 3781 consensi.
422 3716 462 3797 ᾧ
485 3715 563 3797 Ego
590 3714 760 3781 Godwine
789 3715 861 3779 dux
884 3716 1051 3780 consensi.
1110 3718 1149 3797 ›1‹
1169 3717 1246 3798 Ego

200 3814 379 3881 leofricus
400 3814 472 3879 dux
490 3816 658 3880 consensi.
709 3816 748 3897 ›1‹
767 3815 843 3897 Ego
866 3814 1054 3879 Siuuardus
1076 3815 1148 3879 dux
1166 3836 1247 3880 con·

200 3916 303 3982 scusi.
361 3916 400 3997 ›1‹
423 3915 499 3998 Ego
526 3915 613 3980 Duri
640 3915 713 3979 dux
739 3915 907 3979 consensi.
956 3917 995 3996 ›1‹
1021 3916 1099 3998 Ego
1126 3916 1249 3982 Manui

201 4018 308 4082 abbas
338 4016 507 4079 consensi.
563 4019 602 4098 ›1‹
625 4016 702 4097 Ego
735 4015 900 4079 AElfricus
937 4015 1043 4078 abhas
1075 4020 1247 4084 consensi.

204 4120 243 4201 ιχ(
260 4118 338 4199 Ego
356 4113 560 4183 Goduuinus
582 4117 689 4181 abbas
712 4115 882 4180 consensi.
938 4114 977 4195 »Β
999 4113 1075 4196 Ego
1097 4117 1250 4186 Earwirri

1060 4233 1111 4277 κ2
