2902 4890
447 376 619 424 onanrnn
642 375 984 427 uucnosnxourcun.
1183 363 1247 427 251

191 534 296 599 waldi
321 535 380 617 qui
409 541 493 598 tunc
528 534 692 617 temporis
723 534 832 598 eidem
862 535 1069 601 monasterio
1098 535 1249 618 praefuit

191 635 355 716 placabili
370 636 496 700 mentis
512 635 696 699 deuotione
718 634 861 712 dictare,
879 636 1040 710 scribere,
1059 637 1250 701 commend-

193 754 265 813 are,
287 736 482 818 procuraui.
534 735 694 818 Denique
717 735 830 798 adhuc
853 755 917 818 pro
945 736 1104 819 ampliori
1132 737 1249 801 firmit-

194 834 261 900 atis
293 843 502 901 testamento
534 836 729 900 omnimodo
758 835 989 918 praecipimus
1014 843 1118 919 atque
1149 856 1247 920 prae·

193 935 353 1018 cipiendo
382 937 603 1001 obsecramus
637 943 676 1000 ut
706 943 845 1000 maneat
878 935 947 1001 ista
974 936 1116 1001 libertas
1144 956 1249 1020 quam

194 1036 373 1117 praefatus
404 1035 655 1100 Erhenwaldus
686 1036 868 1119 episcopus
899 1037 935 1099 in
967 1036 1139 1101 Romulea
1165 1037 1250 1103 urbe

195 1155 217 1199 a
239 1135 430 1201 uenerabili
458 1154 551 1219 papa
568 1134 756 1218 Agathone
781 1136 934 1218 petebat,
949 1136 1179 1202 insolubiliter
1205 1140 1249 1203 ab

196 1237 290 1299 omui
305 1236 478 1300 humanae
505 1237 685 1300 seruitutis
710 1237 792 1318 iugo
814 1256 892 1300 cum
919 1238 1074 1302 omnibus
1098 1258 1160 1321 per
1183 1238 1250 1300 cir·

197 1336 326 1399 cuitum
345 1336 389 1400 ad
406 1336 492 1400 illud
515 1337 760 1401 monasterium
778 1336 844 1400 rite
861 1337 1122 1420 pertinentibus
1140 1336 1250 1402 tribus

196 1436 411 1501 solummodo
426 1437 594 1520 exceptis,
612 1437 844 1519 expeditione,
861 1437 977 1520 pontis
994 1439 1152 1522 arcisque
1168 1458 1250 1503 con-

197 1537 399 1616 structione,
429 1545 464 1602 et
500 1539 667 1603 exercitu.
730 1537 768 1601 Si
805 1538 883 1620 quis
922 1558 1017 1615 uero,
1051 1538 1144 1622 quod
1182 1554 1251 1603 non

198 1644 370 1718 optamus,
403 1638 504 1703 huius
537 1638 666 1702 decreti
697 1637 1037 1703 animaduersitatem
1067 1639 1252 1720 infringere

198 1739 420 1819 temptauerit
450 1744 512 1802 aut
544 1738 645 1801 aliter
678 1757 782 1820 quam
817 1756 838 1800 a
870 1739 968 1802 nohis
997 1746 1167 1803 statutum
1199 1746 1252 1803 est

198 1843 332 1901 mutare
358 1837 637 1920 praesumpserit,
663 1836 709 1900 sit
737 1856 758 1900 a
786 1840 959 1903 consortio
987 1839 1116 1902 domini
1141 1840 1250 1902 nostri

202 1936 308 2001 Ihesu
328 1937 458 2001 Christi
485 1943 701 2018 segregatus,
724 1944 856 2001 etcum
885 1939 1067 2020 rapacibus
1091 1946 1252 2020 ponatur,
1349 1997 1352 2007 .

202 2043 237 2100 et
265 2056 343 2099 cum
371 2036 616 2101 nefandissimo
632 2035 722 2101 Iuda
748 2038 808 2120 qui
825 2036 1000 2102 Christum
1030 2038 1172 2102 tradidit
1203 2038 1254 2101 in-

202 2135 350 2200 fernales
386 2136 639 2220 imperpetuum
677 2137 753 2201 luat
786 2156 915 2219 poenas
954 2139 984 2201 si
1016 2138 1058 2201 ad
1095 2137 1254 2202 satisfac-

202 2235 334 2300 tionem
346 2243 382 2301 et
399 2236 671 2301 emendationem
689 2257 758 2302 non
777 2238 920 2301 uenerit.
1040 2230 1046 2239 ’

595 2532 866 2598 nccocxw.

587 2654 885 2748 niowuuun.

271 2836 310 2916 ›1‹
341 2833 386 2899 IN
409 2835 547 2898 nomine
585 2843 727 2900 sanctae
758 2843 793 2898 et
832 2834 1030 2899 indiuiduas
1068 2834 1256 2902 trinitat-is!

207 2934 283 3015 Ego
300 2935 513 2999 Eadwardus
536 2934 591 2998 dei
613 2937 727 3016 gratia
743 2934 938 3017 Anglorum
957 2956 1020 3000 rex
1037 2936 1120 2999 dare
1137 2938 1258 3001 uolens

208 3035 355 3116 pretium
400 3035 658 3118 redemptionis¹
680 3036 814 3098 animae
853 3055 950 3098 meae
985 3036 1040 3099 uel
1077 3044 1258 3118 parentum

207 3154 360 3198 meorum
380 3138 444 3199 sub
464 3154 633 3201 consensu
653 3142 689 3200 et
707 3135 903 3200 testimonio
921 3135 1088 3198 bonorum
1106 3137 1258 3200 uirorum

210 3235 348 3312 tradidi,
363 3242 486 3301 sancto
504 3235 668 3300 Michaeli
691 3234 899 3316 archangelo
925 3234 960 3296 in
985 3254 1086 3297 usum
1113 3235 1259 3299 fratrum

209 3335 272 3398 deo
300 3335 521 3399 seruientium
550 3336 587 3399 in
619 3337 737 3400 eodem
764 3337 852 3412 loco,
870 3342 1027 3398 sanctum
1052 3332 1259 3399 Michaelem

210 3435 269 3518 qui
294 3442 348 3498 est
373 3436 475 3499 iuxta
502 3454 596 3499 mare
627 3456 704 3499 cum
735 3436 893 3500 omnihus
920 3434 1144 3518 appendiciis,
1166 3436 1260 3499 uillis

209 3535 353 3612 scilicet,
372 3535 536 3612 castellis,
554 3536 658 3616 agris,
677 3542 711 3599 et
728 3538 872 3599 caeteris
901 3535 1136 3600 attinentibus.
1189 3534 1262 3599 Ad·

211 3634 281 3698 didi
307 3636 412 3699 etiam
440 3643 551 3701 totam
577 3644 703 3700 terram
731 3636 774 3699 de
798 3636 982 3700 Uennelire
1006 3655 1084 3700 cum
1113 3628 1260 3719 oppidis,

211 3734 316 3812 nillis,
344 3737 450 3817 agris,
475 3737 597 3819 pratis,
619 3736 719 3800 terris
744 3736 846 3799 cultis
874 3742 910 3800 et
938 3735 1088 3812 incultis,
1118 3742 1153 3799 et
1183 3755 1260 3799 cum

211 3834 333 3899 horum
352 3835 542 3900 redditibus
561 3836 705 3901 adiunxi
721 3856 858 3919 quoque
873 3836 963 3900 datis
980 3843 1117 3918 portum
1135 3835 1261 3899 addere

211 3938 270 4020 qui
302 3943 449 4001 uocatur
476 3937 673 4001 Ruminella
703 3956 780 4000 cum
807 3937 965 4000 omnibus
992 3954 1080 4018 quae
1108 3936 1151 3999 ad
1182 3955 1260 3999 eum

211 4037 394 4118 pertinent,
429 4038 493 4102 hoc
521 4043 586 4114 est,
614 4036 815 4100 molendinis
842 4044 877 4100 et
902 4035 1095 4118 piscatoriis
1122 4043 1259 4100 etcum

211 4138 303 4202 omni
330 4139 503 4204 territorio
520 4137 612 4201 illius
639 4138 732 4201 culto
759 4145 794 4200 et
818 4137 960 4214 inculto,
982 4143 1017 4201 et
1041 4156 1159 4201 eorum
1186 4138 1261 4201 red-
