2902 4890
191 335 235 401 64
459 350 633 399 onsurae
658 348 999 398 aucmstxomcrn.

193 509 239 573 do
270 508 305 572 in
341 508 460 573 eodem
493 507 701 572 monasterio
731 514 768 571 et
796 507 881 570 uilla
917 525 1022 589 super
1049 504 1249 582 monachos,

193 609 350 687 clericos,
379 616 440 673 aut
467 609 574 673 laicos
611 607 836 691 proclamare,
867 625 1048 690 usurpare,
1079 606 1249 670 iustitiam

194 708 348 791 aliquam
377 708 503 787 facere,
531 715 593 772 aut
622 707 745 771 missas
780 708 964 783 celebrare,
995 706 1061 770 uisi
1097 706 1250 769 monitus

194 809 297 873 suerit
314 809 359 872 ab
376 809 486 891 ipsius
502 809 571 872 loci
592 808 730 884 abbate,
747 815 808 872 aut
824 808 892 890 ipsi
918 807 1036 871 abbati
1057 825 1120 889 pro
1143 805 1249 869 homi-

194 907 284 972 cidio
310 916 370 973 aut
388 908 559 972 adulterio
585 907 756 990 placuerit
771 908 923 991 aliquem
944 926 1085 971 suorum
1102 904 1148 970 ad
1170 924 1248 969 eum

194 1008 340 1072 mittere.
407 1007 444 1071 Si
472 1008 549 1090 quis
571 1026 655 1071 uero
681 1014 909 1090 posterorum,
937 1006 1029 1089 quod
1052 1025 1122 1070 non
1148 1011 1249 1087 opta·

195 1127 271 1171 mus
288 1108 452 1183 futurum,
471 1107 536 1171 hoc
553 1126 739 1188 aggressus
754 1107 858 1171 luerit
873 1113 1002 1171 temere
1023 1105 1249 1187 calumpniari

194 1215 257 1272 aut
269 1208 456 1290 infringere
469 1207 656 1284 decretum,
666 1207 898 1290 praesentium
915 1205 1248 1271 aecclesiasticorum

194 1307 352 1389 prolatae
378 1307 738 1371 excommunicationi
775 1307 964 1384 subiaceat,
992 1313 1028 1370 et
1055 1324 1132 1369 cum
1160 1304 1250 1369 Iuda

194 1407 361 1472 traditore
386 1407 479 1488 ignis
504 1406 664 1470 Tartarei
691 1426 821 1489 poenas
847 1406 1081 1470 indesinenter
1105 1405 1182 1469 luat
1215 1411 1250 1469 et

195 1508 365 1571 sustineat
395 1514 430 1570 et
461 1508 602 1589 insuper
634 1507 730 1588 regio
765 1506 849 1571 fisco
875 1523 984 1572 .xxx.
1011 1505 1088 1569 anri
1116 1503 1250 1569 talenta

194 1606 382 1689 persoluat.
452 1605 499 1670 Et
532 1625 637 1688 super
666 1613 928 1670 conseruatores
966 1604 1096 1670 domiui
1131 1605 1250 1669 ueniat

195 1706 399 1783 benedictio,
417 1705 638 1781 adiutorium,
660 1712 695 1769 et
720 1706 913 1771 consolatio
942 1705 1047 1790 uitae,
1072 1710 1108 1768 et
1135 1724 1248 1768 rerum

196 1825 348 1888 congrua
360 1806 605 1888 tranquillitas,
616 1806 769 1888 corporis
784 1813 820 1870 et
834 1805 960 1870 mentis
975 1805 1065 1886 iugis
1080 1805 1250 1887 protectio

195 1906 290 1970 salus
316 1913 352 1970 et
376 1906 520 1982 sanitas,
547 1912 587 1970 ut
616 1912 651 1969 et
678 1905 734 1969 hic
761 1925 963 1989 prosperam
988 1904 1097 1969 uitam
1119 1904 1250 1968 ducant

195 2026 273 2070 cum
297 2005 412 2070 fructu
430 2004 495 2069 deo
516 2005 722 2088 placitorum
739 2025 893 2089 operum,
910 2013 1014 2088 atque
1033 2010 1114 2087 post
1136 2003 1249 2068 carnis

195 2108 327 2171 obitum
363 2112 566 2189 perpetuum
609 2105 749 2169 diuinae
790 2104 1091 2188 contemplationis
1132 2103 1250 2186 adepti

195 2207 359 2288 gaudium
393 2205 563 2271 foeliciter
593 2205 630 2268 in
667 2213 761 2271 sorte
799 2213 962 2271 maneant
1001 2211 1037 2269 et
1075 2203 1248 2268 consortio

193 2315 402 2372 sanctorum.

250 2410 289 2489 ›1‹
313 2408 390 2489 Ego
410 2404 595 2471 Hardcnut
622 2427 684 2471 rex
703 2405 897 2489 Anglorum
922 2405 1137 2487 aliorumque
1159 2403 1250 2469 nati·

195 2527 299 2572 onum
317 2507 382 2571 hoc
398 2506 615 2589 priuilegium
632 2507 719 2571 iussi
736 2526 941 2590 componere
963 2512 999 2569 et
1021 2505 1249 2588 compositum

196 2606 338 2689 propria
354 2605 696 2687 manuyimpressione
707 2606 898 2687 dominicae
913 2607 1022 2670 crucis
1038 2603 1250 2670 confirmaui.

201 2706 240 2786 ›1‹
266 2705 342 2785 Ego
365 2704 495 2768 Ymma
526 2705 646 2786 regina
676 2714 788 2771 mater
812 2707 923 2789 ipsius
948 2704 1135 2769 Hardcnut
1163 2724 1250 2786 gau-

195 2804 317 2867 denter
333 2822 511 2891 assensum
528 2805 680 2887 praebui.
750 2808 789 2888 ›1‹
808 2807 885 2888 Ego
900 2806 1118 2888 AEgelnoaus
1136 2804 1250 2868 Doro-

196 2903 372 2967 bernensis
395 2903 674 2988 archiepiscopus
691 2905 791 2987 signo
809 2905 920 2970 crucis
935 2904 1149 2987 consignaui.
1206 2904 1245 2984 ›1‹

197 3003 274 3084 Ego
294 3002 459 3068 AElfricus
479 3003 706 3068 Eboraceusis
731 3006 1009 3089 archiepiscopus
1034 3003 1274 3087 consignam„

202 3106 241 3185 ›1‹
268 3102 344 3184 Ego
363 3101 547 3167 AElfwinus
564 3103 818 3170 Wintoniensis
835 3107 1017 3188 episcopus
1036 3102 1248 3185 consiguaui.

201 3205 240 3284 ›1‹
260 3203 336 3284 Ego
353 3201 519 3266 AElfricus
543 3204 797 3269 Elmhameusis
824 3205 1007 3288 episcopus
1036 3203 1249 3285 consignaui.

201 3303 240 3383 ›1‹
268 3303 343 3384 Ego
365 3301 545 3385 Lyuingus
560 3303 801 3387 Wigornensis
828 3306 1009 3388 episcopus
1032 3303 1247 3386 consignaui.

201 3401 240 3481 ›1‹
261 3401 338 3484 Ego
353 3402 509 3467 Wlsinus
527 3403 795 3469 Lichefeldensis
823 3405 1005 3488 episcopus
1035 3402 1250 3484 consignaui.

202 3502 241 3582 ›1‹
275 3502 352 3583 Ego
371 3502 582 3566 AElfwardus
606 3503 857 3569 Londoniensis
882 3503 1064 3587 episcopus
1091 3503 1250 3585 consign-

196 3600 264 3693 aui.
321 3604 360 3683 ›1‹
378 3599 453 3681 Ego
466 3600 700 3667 Brihtwaldus
711 3604 953 3668 Wiltonieusis
971 3603 1153 3686 episcopus
1169 3622 1250 3666 con·

196 3699 344 3780 signaui.
388 3700 510 3782 ›14Ego
521 3699 714 3766 Grimketel
728 3703 963 3768 Sudsaxoniae
975 3703 1157 3785 episcopus
1169 3722 1248 3767 con·

197 3798 344 3880 signaui.
401 3802 440 3881 ,14
458 3799 535 3880 Ego
550 3801 773 3867 Eadmundus
792 3801 1096 3887 Lyndisfarnausis
1117 3803 1252 3884 episco-

196 3917 262 3979 pus
281 3898 494 3979 consignaui.
562 3902 601 3982 ›1‹
623 3901 700 3984 Ego
717 3903 895 3985 Sigeward
913 3903 1020 3967 abbas
1037 3901 1252 3984 consiguaui.

202 3998 241 4077 ›1‹
257 3997 332 4078 Ego
351 3998 445 4062 Elias
465 4000 572 4063 abbas
596 4003 808 4084 consignaui.
866 4005 905 4085 ›1‹
924 4003 999 4084 Ego
1024 4000 1251 4084 [Godwinus]

198 4115 311 4161 comes
324 4116 499 4162 assensum
512 4103 666 4181 praebui.
716 4104 841 4184 ›14Ego
856 4103 945 4169 Duri
956 4122 1071 4167 comes
1080 4103 1252 4167 consensi.
