2902 4890
411 393 604 444 erumna
626 389 966 441 suonosnxourcnr.
1148 371 1212 437 189

155 546 374 631 priuilegium
414 547 501 613 iussi
542 568 748 632 componere
796 557 831 613 et
867 548 1094 631 compositum
1132 568 1209 612 oum

149 647 255 729 signo
287 649 477 714 dominicae
508 649 620 713 crucis
652 648 888 713 confirmando
917 647 1086 730 impressi.
1165 652 1204 732 »14

156 746 233 829 Ego
249 748 417 834 Eadgyba
439 750 560 832 regina
582 748 676 813 omni
698 749 879 813 alacritate
900 750 1026 813 mentis
1048 748 1113 813 hoc
1135 767 1210 812 cor-

154 848 327 915 roborari.
385 853 424 933 »14
447 850 523 933 Ego
540 849 729 932 stigandus
755 855 896 913 sanctae
910 849 1111 932 metropolis
1134 869 1209 913 aec-

154 947 280 1012 clesiae
298 949 558 1015 cantuariensis
586 950 768 1033 episcopus
796 949 1007 1014 confirmaui.
1071 951 1110 1031 »14
1131 949 1208 1031 Ego

155 1047 348 1114 Ealdredus
369 1049 647 1135 archiepiscopus
661 1049 888 1113 Eboracensis
914 1048 1101 1113 aecclesiae
1126 1069 1207 1113 con·

154 1148 302 1229 signaui.
371 1154 410 1234 »14
431 1150 508 1232 Ego
523 1149 732 1215 Willielmus
763 1150 944 1232 episcopus
960 1148 1207 1213 Londouicnsis

154 1248 343 1314 aecclesiae
375 1249 420 1314 ad
453 1251 570 1315 omnia
608 1251 848 1333 suprascripta
881 1250 1097 1313 consentiens
1125 1252 1206 1313 sub·

152 1348 287 1432 scripsi.
356 1354 395 1434 »14
414 1351 491 1433 Ego
518 1348 759 1414 Heremannus
785 1350 966 1432 episcopus
990 1350 1145 1413 consensi
1172 1358 1208 1414 et

154 1449 352 1532 subscripsi.
410 1454 449 1534 »14
470 1452 546 1532 Ego
564 1449 749 1515 Wlfwinus
780 1451 962 1532 episcopus
994 1450 1150 1513 consensi
1173 1459 1208 1513 et

152 1549 350 1633 subscripsi.
424 1552 564 1634 ·1‹.Ego
580 1550 758 1615 Walterus
783 1550 965 1633 opiscopus
993 1551 1148 1615 consensi
1171 1559 1207 1613 et

153 1649 356 1732 subscripsi..
437 1654 476 1734 »14
512 1651 589 1733 Ego
613 1649 790 1714 Leofricus
828 1649 1011 1733 episcopus
1050 1650 1206 1714 consensi

152 1754 189 1812 et
210 1750 410 1833 subscripsi.
493 1754 532 1834 »14
560 1751 637 1832 Ego
664 1749 750 1814 Giso
785 1750 966 1833 episcopus
993 1751 1149 1814 consensi
1171 1758 1205 1815 et

153 1849 354 1933 subscripsi.
412 1851 547 1934 ›11Ego
565 1850 748 1916 Wlstanus
777 1850 959 1933 episcopus
986 1851 1145 1913 consensi
1170 1859 1206 1913 et

151 1949 352 2033 subscripsi.
426 1951 465 2033 »14
504 1952 580 2034 Ego
612 1949 787 2015 Siwaudus
828 1950 1011 2033 episcopus
1050 1950 1205 2013 consensi

151 2054 189 2113 et
220 2051 419 2133 subscripsi.
498 2055 537 2135 »14
575 2051 651 2133 Ego
683 2050 873 2115 Godwinus
903 2051 1086 2132 episcopus
1122 2069 1205 2112 con·

152 2149 245 2213 sensi
268 2157 304 2214 et
320 2151 518 2236 subscripsi.
576 2154 615 2234 »14
635 2151 711 2232 Ego
725 2149 902 2232 AEgelsius
919 2149 1026 2213 abbas
1049 2151 1205 2213 consensi

153 2254 190 2312 et
215 2250 414 2333 subscripsi.
471 2253 510 2335 »14
537 2251 614 2334 Ego
637 2250 823 2315 Eadwinus
855 2250 962 2313 abbas
992 2250 1147 2314 consensi
1169 2256 1205 2313 et

152 2349 351 2433 subscripsi.
401 2352 440 2434 »14
462 2351 537 2434 Ego
553 2351 744 2432 AEgelwius
762 2351 868 2414 abbas
891 2349 1047 2413 consensi
1069 2357 1104 2413 et
1126 2349 1204 2412 sub

151 2448 288 2532 scripsi.
360 2454 399 2534 »14
420 2452 497 2534 Ego
516 2451 693 2516 Leofrious
724 2451 831 2515 abbas
863 2450 1020 2515 consensi
1054 2457 1090 2512 et
1122 2449 1203 2512 sub-

152 2549 287 2632 scripsi.
361 2552 400 2634 »14
422 2551 498 2634 Ego
514 2551 737 2616 Baldewinus
755 2552 861 2615 abbas
883 2550 1040 2614 consensi
1064 2555 1099 2613 et
1122 2550 1203 2612 sub·

152 2649 285 2732 scripsi.
358 2654 397 2734 »14
418 2652 494 2734 Ego
509 2650 717 2717 Wlswoldus
745 2652 851 2715 abbas
879 2651 1035 2713 consensi
1061 2657 1097 2713 et
1121 2648 1202 2712 sub-

153 2749 286 2832 scripsi.
342 2754 381 2834 »14
409 2751 486 2834 Ego
504 2751 727 2815 Eadmundus
749 2752 867 2814 abbas.
939 2752 978 2832 »14
1001 2750 1076 2832 Ego
1095 2745 1202 2812 Rein'·

151 2848 275 2913 baldas
296 2852 388 2933 regis
411 2852 636 2916 cancellarius
661 2850 768 2932 relegi
791 2858 826 2915 et
847 2850 1008 2931 sigillaui.
1066 2851 1105 2931 »14
1127 2850 1203 2931 Ego

153 2947 331 3013 Osbernns
364 2952 455 3033 regis
487 2950 698 3034 capellanus.
772 2953 811 3033 »14
846 2950 922 3031 Ego
953 2949 1080 3013 Petrus
1112 2951 1203 3031 regis

151 3049 362 3131 capellanus.
438 3055 477 3135 »14
508 3050 585 3133 Ego
620 3050 819 3117 Rodbertus
862 3050 954 3131 rogis
991 3048 1202 3130 capellanus

46 3138 55 3153 '
157 3149 295 3231 ›11Ego
320 3148 497 3215 Haroldus
525 3151 608 3215 dux.
689 3152 728 3232 »14
756 3150 833 3231 Ego
858 3148 1044 3212 Eadwinus
1076 3167 1203 3212 comes

156 3249 197 3331 »14
214 3248 291 3332 Ego
306 3249 390 3314 Girb
407 3271 532 3317 comes
590 3250 723 3333 ›11Ego
741 3248 947 3313 Looffwinus
976 3265 1101 3310 comes.
1158 3250 1197 3330 »14

152 3347 229 3431 Ego
257 3349 441 3415 Markerus
468 3369 595 3415 comes.
666 3352 705 3432 »14
738 3350 815 3430 Ego
847 3347 1000 3428 Esgarus
1036 3346 1203 3410 minister.

156 3448 196 3530 »14
225 3449 302 3533 Ego
326 3450 481 3514 Bondius
507 3451 673 3514 minister.
715 3458 723 3508 ,’
739 3450 778 3530 »14
804 3448 881 3529 Ego
907 3444 1113 3527 Radulphus
1137 3446 1202 3508 mi-

152 3549 270 3613 nister.
345 3551 386 3631 »14
406 3550 484 3632 Ego
498 3550 697 3616 Rodbertus
723 3548 887 3611 minister.
955 3549 994 3629 »14
1017 3546 1094 3627 Ego
1112 3545 1204 3608 Ead-

150 3653 263 3718 nonus
290 3649 456 3715 minister.
521 3652 562 3734 »14
585 3649 662 3731 Ego
679 3645 892 3730 AEgelnobus
921 3647 1087 3710 minister.
1156 3647 1197 3727 »14

151 3748 229 3831 Ego
255 3748 438 3832 Wygodus
471 3750 637 3814 minister.
720 3749 759 3831 »14
792 3747 868 3827 Ego
897 3744 1062 3811 Wlfricus
1091 3744 1202 3810 miles

154 3850 197 3932 »14
217 3848 295 3931 Ego
320 3849 496 3915 Siwardus
529 3850 636 3913 miles
708 3851 747 3931 »14
783 3847 860 3929 Ego
890 3845 1061 3910 Godricus
1094 3844 1202 3908 miles.

154 3950 196 4032 »14
235 3948 313 4031 Ego
347 3950 434 4016 Colo
465 3949 573 4014 miles.
659 3949 698 4029 »14
732 3948 809 4029 Ego
840 3945 1054 4011 Wlfwardus
1093 3944 1203 4008 miles.

153 4047 283 4113 Omnes
316 4050 566 4115 consentientes
597 4047 872 4130 subscripsimus.
923 4044 1086 4108 Stabilita
1111 4045 1204 4126 apud

151 4149 501 4219 westmonasterium
518 4167 561 4213 .v.
580 4146 805 4212 kalendarum
829 4145 982 4210 Ianuarii
1008 4144 1062 4207 die
1089 4152 1205 4208 sanct·
