2902 4890
252 365 316 429 172
512 384 685 431 ossanna
708 381 1050 430 nuenosnxomoan.

251 560 426 618 mannum,
442 542 511 605 swa
537 541 599 604 sull
618 541 685 604 and
709 530 782 603 swa
805 540 881 604 forti
908 541 977 604 swa
1000 539 1051 603 hit
1072 538 1192 603 daenne
1214 539 1301 623 hym

251 641 320 703 and
341 657 377 704 ,1.
401 660 495 703 marc
523 640 642 721 goldes
671 630 710 704 to
737 641 841 703 eacan
871 639 938 703 and
963 657 1020 703 Νι.
1045 631 1207 704 merswin
1236 640 1304 703 and

254 732 745 825 .xxx.ps1sendahaeryngys
770 729 854 804 fialae
878 759 966 802 eare.
1020 737 1086 804 Dis
1112 759 1152 823 ys
1180 729 1219 804 tf)
1244 759 1303 820 ge-

249 827 655 920 wittnysse,Eadwea1-d
680 840 827 920 cinincg,
850 840 919 902 and
937 826 1084 920 Eadgyti
1112 829 1172 903 se6
1202 829 1302 902 hla‘ef-

251 937 342 1018 dige,
359 938 425 1001 and
443 938 595 1020 Ealdryd
612 938 866 1020 archebisceop,
876 938 944 1001 and
957 938 1132 1003 Hereman
1149 940 1303 1020 bisceop,
1412 1024 1415 1029 ῃ

251 1037 319 1099 and
338 1036 426 1100 Gisa
447 1039 599 1119 bisceop,
618 1038 686 1101 and
705 1037 840 1101 Harold
866 1037 950 1115 eorl,
973 1038 1041 1101 aud
1057 1038 1202 1119 Tosstig
1219 1038 1304 1115 eorl,

251 1136 318 1199 and
335 1128 509 1202 AEttelnott
526 1137 650 1214 abbod,
667 1138 735 1200 and
752 1136 925 1218 AEgelwig
949 1137 1074 1214 abbod,
1096 1138 1163 1201 and
1180 1138 1304 1219 AEgyl-

250 1236 324 1315 sige
351 1236 475 1313 abbod,
499 1237 566 1299 and
585 1228 710 1300 Ordric
735 1236 860 1313 abbod,
885 1236 952 1299 aud
979 1236 1110 1318 Esegar
1132 1237 1303 1314 steallere,

251 1334 318 1397 and
335 1335 448 1398 Roulf
458 1335 629 1412 steallere,
646 1336 713 1399 and
726 1335 865 1416 Bondig
882 1336 1054 1412 steallere,
1070 1335 1137 1399 aud
1157 1354 1304 1417 mauega

250 1424 335 1498 dare
365 1427 455 1514 gode
481 1455 583 1498 menn
608 1441 653 1498 tte
679 1435 784 1498 heora
816 1453 942 1497 naman
976 1427 1040 1498 her
1065 1436 1227 1499 awritene
1260 1456 1303 1499 ne

250 1533 396 1614 syndon.
459 1533 540 1597 And
569 1535 635 1617 gyf
657 1523 750 1615 anig
772 1553 877 1597 mann
906 1524 941 1597 si
970 1522 1044 1599 swa
1072 1535 1206 1618 dyrstig
1230 1541 1304 1600 aaet

250 1632 352 1715 wylle
368 1631 419 1696 dis
442 1624 622 1712 awendan,
639 1625 672 1697 si
690 1625 736 1697 he
754 1624 980 1699 {mansumod
1000 1634 1087 1697 fram
1106 1634 1218 1699 Criste
1233 1636 1302 1698 and

249 1731 334 1795 sram
375 1741 496 1796 sancta
528 1734 665 1797 Marian
700 1735 768 1797 and
806 1734 893 1797 fram
930 1742 1049 1798 sancte
1080 1735 1183 1799 Petre
1218 1724 1300 1798 tiam

248 1819 398 1910 halegan
413 1832 548 1914 apostle
566 1833 634 1896 and
652 1833 739 1895 fram
755 1833 882 1897 eallum
896 1831 1026 1896 cristes
1042 1833 1200 1915 halegum
1220 1833 1302 1897 aesre

248 1949 293 1993 on
309 1919 465 2014 monysse
481 1923 593 2025 buton
611 1932 653 1995 he
668 1933 731 2015 hyt
748 1933 797 1996 eft
812 1939 857 1996 tie
875 1938 979 1995 ratior
997 1924 1130 2014 geb‘e'te.

633 2229 923 2294 ncccxxru.
940 2192 943 2197 ’

521 2377 771 2455 nanneno,
794 2379 1029 2443 maa-1066.

304 2530 342 2608 ›1‹
366 2527 448 2591 Hoc
471 2527 622 2591 indiculo
640 2527 836 2590 declaratur
861 2528 952 2610 quod
975 2527 1167 2593 Ealdredns
1194 2527 1303 2592 archi·

250 2628 432 2708 episcopus
477 2634 604 2690 terram
653 2643 703 2690 .x.
739 2636 952 2691 cassatorum
997 2647 1086 2709 quae
1122 2628 1303 2691 Heamtun

249 2735 395 2788 uocatur
428 2727 463 2788 in
499 2725 742 2789 uicecomitatu
763 2725 965 2790 Gloecestre
995 2728 1079 2790 emit
1107 2743 1157 2790 .x.
1177 2729 1302 2791 mareis

247 2825 322 2887 auri
361 2826 403 2888 de
440 2826 588 2906 pecunia
624 2825 835 2902 monasterii,
863 2827 1044 2908 ipsamque
1088 2833 1215 2890 terram
1255 2828 1298 2891 ad

248 2925 378 2987 uictum
404 2924 648 2988 monachornm
673 2924 709 2987 in
735 2925 958 3006 Wigornensi
981 2927 1124 2990 ciuitate
1150 2934 1185 2990 et
1207 2947 1301 2990 mon-

249 3025 377 3087 asterio
395 3033 536 3088 sanctae
557 3024 611 3087 dei
635 3025 811 3105 genitricis
833 3025 969 3090 Mariae
994 3025 1059 3089 deo
1078 3026 1301 3090 seruientium

250 3123 402 3200 tradidit,
432 3125 611 3187 obtestans
638 3131 674 3188 et
703 3124 866 3188 adiurans
895 3127 959 3189 sub
991 3126 1220 3190 anathematis
1250 3126 1303 3189 di-

249 3223 427 3287 strictione
455 3245 497 3288 ne
527 3225 604 3305 quis
624 3244 699 3288 eam
723 3226 766 3288 ab
791 3225 900 3306 ipsius
922 3227 1121 3289 monasterii
1143 3227 1217 3288 siue
1234 3226 1303 3290 sra-

246 3331 336 3386 trum
362 3323 397 3386 in
419 3325 495 3405 ipso
518 3324 715 3404 degentium
739 3325 881 3388 auderet
899 3325 1045 3407 diripere
1068 3326 1298 3406 possessione.

250 3422 353 3501 Quod
386 3424 415 3486 si
449 3423 527 3506 quis
560 3425 736 3487 daemonis
762 3425 928 3488 instinctu
961 3442 1037 3488 eam
1070 3426 1113 3488 ab
1146 3426 1299 3506 ipsorum

248 3523 457 3586 utilitatibus
485 3523 520 3586 ui
547 3533 608 3586 aut
635 3524 752 3604 aliquo
777 3524 916 3605 ingenio
942 3523 1116 3606 diriperet,
1137 3525 1241 3589 sciret
1262 3545 1301 3589 se

251 3630 391 3685 aeterno
418 3622 648 3685 anathematis
666 3622 804 3686 uinculo
829 3624 988 3704 ligatum,
1005 3630 1039 3687 et
1062 3643 1140 3687 cnm
1158 3624 1301 3688 Dathan

250 3729 284 3785 et
304 3719 436 3785 Abiron
452 3722 487 3784 in
507 3721 639 3785 inferno
663 3721 863 3785 damnatum
886 3724 1107 3787 aeternaliter
1122 3724 1302 3803 luiturum,

250 3822 315 3883 nisi
338 3821 442 3901 digna
464 3820 699 3884 satisfactione
722 3822 967 3898 emendauerit,
990 3831 1025 3886 et
1048 3842 1069 3886 a
1091 3831 1163 3886 tam
1186 3824 1302 3906 impiis

249 3921 429 3984 conatibus
458 3920 664 4002 poenitendo
694 3923 895 3985 cessauerit.
951 3923 1051 3986 Haec
1074 3930 1188 3987 autem
1217 3924 1302 3987 defi·

250 4021 334 4082 nitio
361 4021 563 4084 confirmata
589 4028 693 4102 atque
713 4022 910 4102 conscripta
937 4031 990 4086 est
1015 4043 1130 4088 coram
1154 4023 1301 4088 testibus

248 4140 393 4200 quorum
412 4121 465 4184 hic
482 4120 571 4184 inira
588 4121 728 4184 nomina
743 4128 917 4185 notantur.
