<?xml version="1.0" encoding="UTF-8"?>
<!DOCTYPE html PUBLIC "-//W3C//DTD XHTML 1.0 Transitional//EN"
    "http://www.w3.org/TR/xhtml1/DTD/xhtml1-transitional.dtd">
<html xmlns="http://www.w3.org/1999/xhtml" xml:lang="en" lang="en">
 <head>
  <title>
</title>
<meta http-equiv="Content-Type" content="text/html;charset=utf-8" />
  <meta name='ocr-system' content='tesseract 3.04.00' />
  <meta name='ocr-capabilities' content='ocr_page ocr_carea ocr_par ocr_line ocrx_word'/>
</head>
<body>
  <div class='ocr_page' id='page_1' title='image "./codexdiplomatic03kembgoog_0029.png"; bbox 0 0 2902 4890; ppageno 0'>
   <div class='ocr_carea' id='block_1_1' title="bbox 493 345 1030 395">
    <p class='ocr_par' dir='ltr' id='par_1_1' title="bbox 493 345 1030 395">
     <span class='ocr_line' id='line_1_1' title="bbox 493 345 1030 395; baseline -0.002 -1"><span class='ocrx_word' id='word_1_1' title='bbox 493 345 665 394; x_wconf 70' lang='lat' dir='ltr'>CHARTAE</span> <span class='ocrx_word' id='word_1_2' title='bbox 688 345 1030 395; x_wconf 78' lang='lat' dir='ltr'><strong>ANGLOSAXONIGAE.</strong></span> 
     </span>
    </p>
   </div>
   <div class='ocr_carea' id='block_1_2' title="bbox 620 598 914 824">
    <p class='ocr_par' dir='ltr' id='par_1_2' title="bbox 620 598 914 824">
     <span class='ocr_line' id='line_1_2' title="bbox 620 598 914 664; baseline -0.007 -2"><span class='ocrx_word' id='word_1_3' title='bbox 620 598 914 664; x_wconf 85' lang='lat' dir='ltr'>DCCXXVIII.</span> 
     </span>
     <span class='ocr_line' id='line_1_3' title="bbox 627 747 894 824; baseline -0.004 -14"><span class='ocrx_word' id='word_1_4' title='bbox 627 747 776 824; x_wconf 88' lang='lat' dir='ltr'>CNUT,</span> <span class='ocrx_word' id='word_1_5' title='bbox 799 747 894 810; x_wconf 86' lang='grc'><strong>1018.</strong></span> 
     </span>
    </p>
   </div>
   <div class='ocr_carea' id='block_1_3' title="bbox 243 894 1363 4160">
    <p class='ocr_par' dir='ltr' id='par_1_3' title="bbox 243 894 1363 4160">
     <span class='ocr_line' id='line_1_4' title="bbox 292 894 1291 977; baseline -0.001 -20"><span class='ocrx_word' id='word_1_6' title='bbox 292 897 331 977; x_wconf 73' lang='lat'>›1‹</span> <span class='ocrx_word' id='word_1_7' title='bbox 347 894 390 957; x_wconf 82' lang='grc' dir='ltr'>ΙΝ</span> <span class='ocrx_word' id='word_1_8' title='bbox 407 896 544 959; x_wconf 90' lang='lat' dir='ltr'>nomine</span> <span class='ocrx_word' id='word_1_9' title='bbox 561 903 703 960; x_wconf 90' lang='lat' dir='ltr'>sanctae</span> <span class='ocrx_word' id='word_1_10' title='bbox 720 895 900 961; x_wconf 85' lang='lat' dir='ltr'>trinitatis!</span> <span class='ocrx_word' id='word_1_11' title='bbox 929 896 1017 960; x_wconf 88' lang='lat' dir='ltr'>Cum</span> <span class='ocrx_word' id='word_1_12' title='bbox 1035 894 1152 958; x_wconf 93' lang='lat' dir='ltr'>mundi</span> <span class='ocrx_word' id='word_1_13' title='bbox 1170 913 1291 958; x_wconf 91' lang='lat' dir='ltr'>cursus</span> 
     </span>
     <span class='ocr_line' id='line_1_5' title="bbox 244 994 1293 1077; baseline 0 -21"><span class='ocrx_word' id='word_1_14' title='bbox 244 996 354 1071; x_wconf 88' lang='lat' dir='ltr'>uarie,</span> <span class='ocrx_word' id='word_1_15' title='bbox 364 1003 404 1058; x_wconf 96' lang='lat' dir='ltr'>ut</span> <span class='ocrx_word' id='word_1_16' title='bbox 417 996 542 1060; x_wconf 85' lang='lat' dir='ltr'>cotidie</span> <span class='ocrx_word' id='word_1_17' title='bbox 556 998 739 1073; x_wconf 89' lang='lat' dir='ltr'>cernimus,</span> <span class='ocrx_word' id='word_1_18' title='bbox 749 998 948 1077; x_wconf 92' lang='lat' dir='ltr'>incertoque</span> <span class='ocrx_word' id='word_1_19' title='bbox 966 995 1160 1058; x_wconf 84' lang='lat' dir='ltr'>discrimine</span> <span class='ocrx_word' id='word_1_20' title='bbox 1173 994 1293 1057; x_wconf 88' lang='lat' dir='ltr'>tendat</span> 
     </span>
     <span class='ocr_line' id='line_1_6' title="bbox 243 1093 1292 1179; baseline -0.001 -23"><span class='ocrx_word' id='word_1_21' title='bbox 243 1093 288 1156; x_wconf 91' lang='lat' dir='ltr'>ad</span> <span class='ocrx_word' id='word_1_22' title='bbox 306 1095 446 1170; x_wconf 86' lang='lat' dir='ltr'><strong>calcem,</strong></span> <span class='ocrx_word' id='word_1_23' title='bbox 462 1096 587 1177; x_wconf 89' lang='lat' dir='ltr'>cuique</span> <span class='ocrx_word' id='word_1_24' title='bbox 604 1096 800 1159; x_wconf 85' lang='lat' dir='ltr'>mortalium</span> <span class='ocrx_word' id='word_1_25' title='bbox 817 1115 904 1179; x_wconf 92' lang='lat' dir='ltr'>opus</span> <span class='ocrx_word' id='word_1_26' title='bbox 923 1103 987 1172; x_wconf 92' lang='lat' dir='ltr'>est,</span> <span class='ocrx_word' id='word_1_27' title='bbox 1005 1103 1045 1158; x_wconf 91' lang='lat' dir='ltr'>ut</span> <span class='ocrx_word' id='word_1_28' title='bbox 1060 1095 1109 1157; x_wconf 89' lang='lat' dir='ltr'>sic</span> <span class='ocrx_word' id='word_1_29' title='bbox 1127 1094 1292 1158; x_wconf 85' lang='lat' dir='ltr'>caducam</span> 
     </span>
     <span class='ocr_line' id='line_1_7' title="bbox 243 1189 1294 1277; baseline -0.002 -21"><span class='ocrx_word' id='word_1_30' title='bbox 243 1201 388 1274; x_wconf 88' lang='lat' dir='ltr'>peragat</span> <span class='ocrx_word' id='word_1_31' title='bbox 404 1195 524 1271; x_wconf 92' lang='lat' dir='ltr'>uitam,</span> <span class='ocrx_word' id='word_1_32' title='bbox 542 1204 579 1258; x_wconf 95' lang='lat' dir='ltr'>ut</span> <span class='ocrx_word' id='word_1_33' title='bbox 596 1195 802 1277; x_wconf 86' lang='lat' dir='ltr'>quandoque</span> <span class='ocrx_word' id='word_1_34' title='bbox 816 1196 926 1276; x_wconf 87' lang='lat' dir='ltr'>possit</span> <span class='ocrx_word' id='word_1_35' title='bbox 942 1195 996 1258; x_wconf 91' lang='lat' dir='ltr'>dei</span> <span class='ocrx_word' id='word_1_36' title='bbox 1018 1193 1157 1257; x_wconf 92' lang='lat' dir='ltr'>adiutus</span> <span class='ocrx_word' id='word_1_37' title='bbox 1176 1189 1294 1276; x_wconf 88' lang='lat' dir='ltr'>[bene-</span> 
     </span>
     <span class='ocr_line' id='line_1_8' title="bbox 244 1292 1294 1377; baseline -0.001 -23"><span class='ocrx_word' id='word_1_38' title='bbox 244 1292 338 1372; x_wconf 89' lang='lat' dir='ltr'>ficio]</span> <span class='ocrx_word' id='word_1_39' title='bbox 368 1293 544 1375; x_wconf 90' lang='lat' dir='ltr'>possidere</span> <span class='ocrx_word' id='word_1_40' title='bbox 574 1301 786 1377; x_wconf 91' lang='lat' dir='ltr'>perpetuam,</span> <span class='ocrx_word' id='word_1_41' title='bbox 814 1301 849 1358; x_wconf 89' lang='lat' dir='ltr'>et</span> <span class='ocrx_word' id='word_1_42' title='bbox 878 1293 1042 1376; x_wconf 92' lang='lat' dir='ltr'>quamdiu</span> <span class='ocrx_word' id='word_1_43' title='bbox 1070 1294 1164 1356; x_wconf 91' lang='lat' dir='ltr'>uitae</span> <span class='ocrx_word' id='word_1_44' title='bbox 1193 1292 1294 1355; x_wconf 87' lang='lat' dir='ltr'>istius</span> 
     </span>
     <span class='ocr_line' id='line_1_9' title="bbox 245 1391 1294 1476; baseline -0.001 -23"><span class='ocrx_word' id='word_1_45' title='bbox 245 1391 353 1455; x_wconf 91' lang='lat' dir='ltr'>utitur</span> <span class='ocrx_word' id='word_1_46' title='bbox 364 1412 449 1456; x_wconf 92' lang='lat' dir='ltr'>aura</span> <span class='ocrx_word' id='word_1_47' title='bbox 461 1401 586 1457; x_wconf 89' lang='lat' dir='ltr'>cuncta</span> <span class='ocrx_word' id='word_1_48' title='bbox 601 1413 689 1476; x_wconf 92' lang='lat' dir='ltr'>quae</span> <span class='ocrx_word' id='word_1_49' title='bbox 699 1394 790 1457; x_wconf 90' lang='lat' dir='ltr'>iusto</span> <span class='ocrx_word' id='word_1_50' title='bbox 806 1400 1007 1457; x_wconf 89' lang='lat' dir='ltr'>statuuntur</span> <span class='ocrx_word' id='word_1_51' title='bbox 1022 1393 1179 1455; x_wconf 89' lang='lat' dir='ltr'>examine</span> <span class='ocrx_word' id='word_1_52' title='bbox 1191 1391 1294 1454; x_wconf 90' lang='lat' dir='ltr'>certis</span> 
     </span>
     <span class='ocr_line' id='line_1_10' title="bbox 245 1490 1295 1574; baseline -0.003 -20"><span class='ocrx_word' id='word_1_53' title='bbox 245 1493 380 1573; x_wconf 91' lang='lat' dir='ltr'>apicum</span> <span class='ocrx_word' id='word_1_54' title='bbox 398 1492 499 1556; x_wconf 89' lang='lat' dir='ltr'>lineis</span> <span class='ocrx_word' id='word_1_55' title='bbox 516 1492 677 1569; x_wconf 90' lang='lat' dir='ltr'>inserere,</span> <span class='ocrx_word' id='word_1_56' title='bbox 688 1512 730 1557; x_wconf 92' lang='lat' dir='ltr'>ne</span> <span class='ocrx_word' id='word_1_57' title='bbox 741 1493 830 1557; x_wconf 90' lang='lat' dir='ltr'>forte</span> <span class='ocrx_word' id='word_1_58' title='bbox 847 1492 1134 1574; x_wconf 89' lang='lat' dir='ltr'>subsequentibus</span> <span class='ocrx_word' id='word_1_59' title='bbox 1152 1490 1295 1553; x_wconf 90' lang='lat' dir='ltr'>ueniant</span> 
     </span>
     <span class='ocr_line' id='line_1_11' title="bbox 245 1591 1295 1674; baseline -0.001 -21"><span class='ocrx_word' id='word_1_60' title='bbox 245 1591 281 1653; x_wconf 93' lang='lat' dir='ltr'>in</span> <span class='ocrx_word' id='word_1_61' title='bbox 298 1591 518 1668; x_wconf 92' lang='lat' dir='ltr'>obliuionem,</span> <span class='ocrx_word' id='word_1_62' title='bbox 535 1601 571 1656; x_wconf 89' lang='lat' dir='ltr'>et</span> <span class='ocrx_word' id='word_1_63' title='bbox 587 1594 636 1656; x_wconf 92' lang='lat' dir='ltr'>sic</span> <span class='ocrx_word' id='word_1_64' title='bbox 652 1612 674 1655; x_wconf 92' lang='lat' dir='ltr'>a</span> <span class='ocrx_word' id='word_1_65' title='bbox 690 1592 880 1656; x_wconf 90' lang='lat' dir='ltr'>iunioribus</span> <span class='ocrx_word' id='word_1_66' title='bbox 904 1591 1175 1674; x_wconf 87' lang='lat' dir='ltr'>paruipendatur</span> <span class='ocrx_word' id='word_1_67' title='bbox 1195 1591 1295 1653; x_wconf 92' lang='lat' dir='ltr'>insti-</span> 
     </span>
     <span class='ocr_line' id='line_1_12' title="bbox 246 1689 1295 1774; baseline -0.002 -20"><span class='ocrx_word' id='word_1_68' title='bbox 246 1692 335 1755; x_wconf 87' lang='lat' dir='ltr'>tutio</span> <span class='ocrx_word' id='word_1_69' title='bbox 357 1692 540 1757; x_wconf 86' lang='lat' dir='ltr'>seniorum.</span> <span class='ocrx_word' id='word_1_70' title='bbox 592 1691 815 1774; x_wconf 87' lang='lat' dir='ltr'>Quapropter</span> <span class='ocrx_word' id='word_1_71' title='bbox 829 1711 894 1773; x_wconf 83' lang='lat' dir='ltr'>ego</span> <span class='ocrx_word' id='word_1_72' title='bbox 912 1691 1005 1755; x_wconf 89' lang='lat' dir='ltr'>Cnut</span> <span class='ocrx_word' id='word_1_73' title='bbox 1020 1711 1083 1755; x_wconf 88' lang='lat' dir='ltr'>rex</span> <span class='ocrx_word' id='word_1_74' title='bbox 1098 1689 1295 1754; x_wconf 90' lang='lat' dir='ltr'>subthroni-</span> 
     </span>
     <span class='ocr_line' id='line_1_13' title="bbox 246 1789 1294 1872; baseline -0.002 -18"><span class='ocrx_word' id='word_1_75' title='bbox 246 1798 345 1854; x_wconf 85' lang='lat' dir='ltr'>zatus</span> <span class='ocrx_word' id='word_1_76' title='bbox 363 1789 611 1872; x_wconf 84' lang='lat' dir='ltr'>Angligenum,</span> <span class='ocrx_word' id='word_1_77' title='bbox 627 1792 762 1855; x_wconf 88' lang='lat' dir='ltr'>cuidam</span> <span class='ocrx_word' id='word_1_78' title='bbox 789 1811 866 1855; x_wconf 90' lang='lat' dir='ltr'>meo</span> <span class='ocrx_word' id='word_1_79' title='bbox 892 1791 1091 1855; x_wconf 92' lang='lat' dir='ltr'>fidelissimo</span> <span class='ocrx_word' id='word_1_80' title='bbox 1120 1791 1294 1872; x_wconf 87' lang='lat' dir='ltr'>episcope,</span> 
     </span>
     <span class='ocr_line' id='line_1_14' title="bbox 247 1889 1295 1974; baseline -0.001 -21"><span class='ocrx_word' id='word_1_81' title='bbox 247 1890 307 1974; x_wconf 92' lang='lat' dir='ltr'>qui</span> <span class='ocrx_word' id='word_1_82' title='bbox 333 1898 416 1955; x_wconf 91' lang='lat' dir='ltr'>noto</span> <span class='ocrx_word' id='word_1_83' title='bbox 444 1892 650 1955; x_wconf 90' lang='lat' dir='ltr'>uocitamine</span> <span class='ocrx_word' id='word_1_84' title='bbox 674 1899 893 1973; x_wconf 92' lang='lat' dir='ltr'>nuncupatur</span> <span class='ocrx_word' id='word_1_85' title='bbox 916 1890 1115 1965; x_wconf 89' lang='lat' dir='ltr'>Burhwold,</span> <span class='ocrx_word' id='word_1_86' title='bbox 1137 1889 1295 1953; x_wconf 89' lang='lat' dir='ltr'>condono</span> 
     </span>
     <span class='ocr_line' id='line_1_15' title="bbox 248 1989 1296 2073; baseline -0.002 -20"><span class='ocrx_word' id='word_1_87' title='bbox 248 1992 284 2053; x_wconf 92' lang='lat' dir='ltr'>in</span> <span class='ocrx_word' id='word_1_88' title='bbox 311 1997 473 2054; x_wconf 89' lang='lat' dir='ltr'>aeternae</span> <span class='ocrx_word' id='word_1_89' title='bbox 494 1991 549 2054; x_wconf 91' lang='lat' dir='ltr'>ius</span> <span class='ocrx_word' id='word_1_90' title='bbox 572 1991 807 2067; x_wconf 67' lang='lat' dir='ltr'>haereditatis</span> <span class='ocrx_word' id='word_1_91' title='bbox 825 1991 999 2073; x_wconf 90' lang='lat' dir='ltr'>quandam</span> <span class='ocrx_word' id='word_1_92' title='bbox 1026 1989 1159 2054; x_wconf 90' lang='lat' dir='ltr'>telluris</span> <span class='ocrx_word' id='word_1_93' title='bbox 1187 1989 1296 2070; x_wconf 91' lang='lat' dir='ltr'>parti-</span> 
     </span>
     <span class='ocr_line' id='line_1_16' title="bbox 249 2088 1296 2174; baseline -0.005 -19"><span class='ocrx_word' id='word_1_94' title='bbox 249 2090 375 2168; x_wconf 89' lang='lat' dir='ltr'>culam,</span> <span class='ocrx_word' id='word_1_95' title='bbox 392 2098 546 2155; x_wconf 89' lang='lat' dir='ltr'>cassatas</span> <span class='ocrx_word' id='word_1_96' title='bbox 569 2091 700 2155; x_wconf 91' lang='lat' dir='ltr'>scilicet</span> <span class='ocrx_word' id='word_1_97' title='bbox 717 2099 877 2174; x_wconf 92' lang='lat' dir='ltr'>quatuor,</span> <span class='ocrx_word' id='word_1_98' title='bbox 895 2091 931 2154; x_wconf 92' lang='lat' dir='ltr'>in</span> <span class='ocrx_word' id='word_1_99' title='bbox 947 2090 1082 2153; x_wconf 90' lang='lat' dir='ltr'>duobus</span> <span class='ocrx_word' id='word_1_100' title='bbox 1099 2089 1184 2153; x_wconf 93' lang='lat' dir='ltr'>locis</span> <span class='ocrx_word' id='word_1_101' title='bbox 1206 2088 1296 2151; x_wconf 94' lang='lat' dir='ltr'>diui-</span> 
     </span>
     <span class='ocr_line' id='line_1_17' title="bbox 248 2188 1295 2267; baseline -0.004 -13"><span class='ocrx_word' id='word_1_102' title='bbox 248 2210 318 2267; x_wconf 90' lang='lat' dir='ltr'>sas,</span> <span class='ocrx_word' id='word_1_103' title='bbox 336 2191 395 2254; x_wconf 92' lang='lat' dir='ltr'>ubi</span> <span class='ocrx_word' id='word_1_104' title='bbox 423 2191 467 2255; x_wconf 93' lang='lat' dir='ltr'>ab</span> <span class='ocrx_word' id='word_1_105' title='bbox 491 2190 614 2254; x_wconf 88' lang='lat' dir='ltr'>incolis</span> <span class='ocrx_word' id='word_1_106' title='bbox 636 2191 760 2255; x_wconf 90' lang='lat' dir='ltr'>dicitur</span> <span class='ocrx_word' id='word_1_107' title='bbox 778 2190 1014 2266; x_wconf 88' lang='lat' dir='ltr'>Landerhtun,</span> <span class='ocrx_word' id='word_1_108' title='bbox 1034 2196 1068 2253; x_wconf 91' lang='lat' dir='ltr'>et</span> <span class='ocrx_word' id='word_1_109' title='bbox 1086 2196 1179 2252; x_wconf 91' lang='lat' dir='ltr'>terra</span> <span class='ocrx_word' id='word_1_110' title='bbox 1201 2188 1295 2251; x_wconf 93' lang='lat' dir='ltr'>aliud</span> 
     </span>
     <span class='ocr_line' id='line_1_18' title="bbox 249 2288 1296 2374; baseline -0.001 -22"><span class='ocrx_word' id='word_1_111' title='bbox 249 2290 448 2366; x_wconf 84' lang='lat' dir='ltr'>Tinicltun3</span> <span class='ocrx_word' id='word_1_112' title='bbox 474 2299 513 2355; x_wconf 93' lang='lat' dir='ltr'>ut</span> <span class='ocrx_word' id='word_1_113' title='bbox 530 2291 657 2355; x_wconf 92' lang='lat' dir='ltr'>habeat</span> <span class='ocrx_word' id='word_1_114' title='bbox 679 2291 843 2374; x_wconf 91' lang='lat' dir='ltr'>quamdiu</span> <span class='ocrx_word' id='word_1_115' title='bbox 867 2291 985 2355; x_wconf 87' lang='lat' dir='ltr'>uitalis</span> <span class='ocrx_word' id='word_1_116' title='bbox 1004 2289 1146 2371; x_wconf 88' lang='lat' dir='ltr'>spiritus</span> <span class='ocrx_word' id='word_1_117' title='bbox 1169 2290 1205 2352; x_wconf 92' lang='lat' dir='ltr'>in</span> <span class='ocrx_word' id='word_1_118' title='bbox 1230 2288 1296 2351; x_wconf 92' lang='lat' dir='ltr'>hac</span> 
     </span>
     <span class='ocr_line' id='line_1_19' title="bbox 248 2388 1297 2473; baseline -0.003 -21"><span class='ocrx_word' id='word_1_119' title='bbox 248 2409 453 2454; x_wconf 90' lang='lat' dir='ltr'>aerumnosa</span> <span class='ocrx_word' id='word_1_120' title='bbox 469 2391 545 2454; x_wconf 88' lang='lat' dir='ltr'>uita</span> <span class='ocrx_word' id='word_1_121' title='bbox 567 2390 689 2472; x_wconf 87' lang='lat' dir='ltr'>fragile</span> <span class='ocrx_word' id='word_1_122' title='bbox 706 2411 830 2473; x_wconf 90' lang='lat' dir='ltr'>corpus</span> <span class='ocrx_word' id='word_1_123' title='bbox 849 2391 992 2463; x_wconf 88' lang='lat' dir='ltr'>aluerit;</span> <span class='ocrx_word' id='word_1_124' title='bbox 1017 2397 1147 2470; x_wconf 89' lang='lat' dir='ltr'>etpost</span> <span class='ocrx_word' id='word_1_125' title='bbox 1164 2388 1297 2452; x_wconf 93' lang='lat' dir='ltr'>obitum</span> 
     </span>
     <span class='ocr_line' id='line_1_20' title="bbox 248 2488 1297 2570; baseline -0.004 -18"><span class='ocrx_word' id='word_1_126' title='bbox 248 2490 321 2553; x_wconf 91' lang='lat' dir='ltr'>eius</span> <span class='ocrx_word' id='word_1_127' title='bbox 351 2497 478 2553; x_wconf 89' lang='lat' dir='ltr'>terram</span> <span class='ocrx_word' id='word_1_128' title='bbox 497 2489 721 2553; x_wconf 87' lang='lat' dir='ltr'>Landerhtun</span> <span class='ocrx_word' id='word_1_129' title='bbox 746 2489 962 2553; x_wconf 91' lang='lat' dir='ltr'>commendat</span> <span class='ocrx_word' id='word_1_130' title='bbox 990 2508 1051 2570; x_wconf 92' lang='lat' dir='ltr'>pro</span> <span class='ocrx_word' id='word_1_131' title='bbox 1082 2488 1198 2551; x_wconf 91' lang='lat' dir='ltr'>anima</span> <span class='ocrx_word' id='word_1_132' title='bbox 1223 2488 1297 2549; x_wconf 89' lang='lat' dir='ltr'>eius</span> 
     </span>
     <span class='ocr_line' id='line_1_21' title="bbox 249 2587 1298 2670; baseline -0.004 -18"><span class='ocrx_word' id='word_1_133' title='bbox 249 2596 284 2652; x_wconf 90' lang='lat' dir='ltr'>et</span> <span class='ocrx_word' id='word_1_134' title='bbox 307 2589 398 2669; x_wconf 90' lang='lat' dir='ltr'>regis</span> <span class='ocrx_word' id='word_1_135' title='bbox 422 2594 544 2651; x_wconf 90' lang='lat' dir='ltr'>sancto</span> <span class='ocrx_word' id='word_1_136' title='bbox 562 2587 737 2652; x_wconf 88' lang='lat' dir='ltr'>Germano</span> <span class='ocrx_word' id='word_1_137' title='bbox 753 2590 789 2651; x_wconf 93' lang='lat' dir='ltr'>in</span> <span class='ocrx_word' id='word_1_138' title='bbox 812 2594 1013 2670; x_wconf 84' lang='lat' dir='ltr'>perpetuam</span> <span class='ocrx_word' id='word_1_139' title='bbox 1031 2587 1240 2661; x_wconf 91' lang='lat' dir='ltr'>libertatem;</span> <span class='ocrx_word' id='word_1_140' title='bbox 1262 2594 1298 2649; x_wconf 95' lang='lat' dir='ltr'>et</span> 
     </span>
     <span class='ocr_line' id='line_1_22' title="bbox 249 2685 1296 2770; baseline -0.003 -20"><span class='ocrx_word' id='word_1_141' title='bbox 249 2687 426 2751; x_wconf 88' lang='lat' dir='ltr'>Tinieltun</span> <span class='ocrx_word' id='word_1_142' title='bbox 462 2686 568 2750; x_wconf 90' lang='lat' dir='ltr'>faciat</span> <span class='ocrx_word' id='word_1_143' title='bbox 597 2688 779 2770; x_wconf 90' lang='lat' dir='ltr'>episcopus</span> <span class='ocrx_word' id='word_1_144' title='bbox 812 2686 905 2768; x_wconf 93' lang='lat' dir='ltr'>quod</span> <span class='ocrx_word' id='word_1_145' title='bbox 933 2686 998 2750; x_wconf 89' lang='lat' dir='ltr'>sibi</span> <span class='ocrx_word' id='word_1_146' title='bbox 1032 2685 1145 2749; x_wconf 92' lang='lat' dir='ltr'>uisum</span> <span class='ocrx_word' id='word_1_147' title='bbox 1182 2685 1296 2750; x_wconf 90' lang='lat' dir='ltr'>fuerit.</span> 
     </span>
     <span class='ocr_line' id='line_1_23' title="bbox 251 2786 1363 2870; baseline -0.003 -20"><span class='ocrx_word' id='word_1_148' title='bbox 251 2787 476 2868; x_wconf 89' lang='lat' dir='ltr'>Maneatque‚</span> <span class='ocrx_word' id='word_1_149' title='bbox 500 2795 603 2868; x_wconf 92' lang='lat' dir='ltr'>prout</span> <span class='ocrx_word' id='word_1_150' title='bbox 625 2788 695 2850; x_wconf 89' lang='lat' dir='ltr'>iam</span> <span class='ocrx_word' id='word_1_151' title='bbox 719 2787 971 2870; x_wconf 85' lang='lat' dir='ltr'>praedixeram,</span> <span class='ocrx_word' id='word_1_152' title='bbox 988 2786 1117 2850; x_wconf 91' lang='lat' dir='ltr'>donum</span> <span class='ocrx_word' id='word_1_153' title='bbox 1140 2786 1232 2848; x_wconf 92' lang='lat' dir='ltr'>istud</span> <span class='ocrx_word' id='word_1_154' title='bbox 1255 2786 1300 2848; x_wconf 93' lang='lat' dir='ltr'>ab</span> <span class='ocrx_word' id='word_1_155' title='bbox 1361 2826 1363 2829; x_wconf 93' lang='lat'>-</span> 
     </span>
     <span class='ocr_line' id='line_1_24' title="bbox 250 2885 1299 2963; baseline -0.002 -14"><span class='ocrx_word' id='word_1_156' title='bbox 250 2887 343 2949; x_wconf 90' lang='lat' dir='ltr'>omni</span> <span class='ocrx_word' id='word_1_157' title='bbox 365 2886 532 2949; x_wconf 90' lang='lat' dir='ltr'>saeculari</span> <span class='ocrx_word' id='word_1_158' title='bbox 557 2887 699 2950; x_wconf 89' lang='lat' dir='ltr'>seruitio</span> <span class='ocrx_word' id='word_1_159' title='bbox 721 2887 948 2963; x_wconf 89' lang='lat' dir='ltr'>exinanitum,</span> <span class='ocrx_word' id='word_1_160' title='bbox 970 2905 1048 2949; x_wconf 91' lang='lat' dir='ltr'>cum</span> <span class='ocrx_word' id='word_1_161' title='bbox 1070 2885 1229 2949; x_wconf 89' lang='lat' dir='ltr'>omnibus</span> <span class='ocrx_word' id='word_1_162' title='bbox 1255 2885 1299 2948; x_wconf 92' lang='lat' dir='ltr'>ad</span> 
     </span>
     <span class='ocr_line' id='line_1_25' title="bbox 251 2985 1300 3068; baseline -0.002 -20"><span class='ocrx_word' id='word_1_163' title='bbox 251 3005 288 3048; x_wconf 90' lang='lat' dir='ltr'>se</span> <span class='ocrx_word' id='word_1_164' title='bbox 318 2986 383 3049; x_wconf 89' lang='lat' dir='ltr'>rite</span> <span class='ocrx_word' id='word_1_165' title='bbox 411 2986 672 3067; x_wconf 67' lang='lat' dir='ltr'>pcrtinentibus</span> <span class='ocrx_word' id='word_1_166' title='bbox 700 2987 843 3068; x_wconf 78' lang='lat' dir='ltr'>campie,</span> <span class='ocrx_word' id='word_1_167' title='bbox 872 2987 980 3064; x_wconf 90' lang='lat' dir='ltr'>siluis,</span> <span class='ocrx_word' id='word_1_168' title='bbox 1003 2986 1153 3068; x_wconf 81' lang='lat' dir='ltr'>pascuis,</span> <span class='ocrx_word' id='word_1_169' title='bbox 1178 2985 1300 3066; x_wconf 90' lang='lat' dir='ltr'>pratis,</span> 
     </span>
     <span class='ocr_line' id='line_1_26' title="bbox 251 3085 1301 3166; baseline 0 -19"><span class='ocrx_word' id='word_1_170' title='bbox 251 3092 399 3166; x_wconf 86' lang='lat' dir='ltr'>excepta</span> <span class='ocrx_word' id='word_1_171' title='bbox 416 3085 633 3166; x_wconf 85' lang='lat' dir='ltr'>expeditione</span> <span class='ocrx_word' id='word_1_172' title='bbox 659 3093 793 3150; x_wconf 87' lang='lat' dir='ltr'>tantum</span> <span class='ocrx_word' id='word_1_173' title='bbox 816 3086 846 3150; x_wconf 90' lang='lat' dir='ltr'>si</span> <span class='ocrx_word' id='word_1_174' title='bbox 871 3086 1057 3149; x_wconf 87' lang='lat' dir='ltr'>necessitas</span> <span class='ocrx_word' id='word_1_175' title='bbox 1080 3085 1241 3165; x_wconf 85' lang='lat' dir='ltr'>coegerit,</span> <span class='ocrx_word' id='word_1_176' title='bbox 1266 3091 1301 3147; x_wconf 91' lang='lat' dir='ltr'>et</span> 
     </span>
     <span class='ocr_line' id='line_1_27' title="bbox 252 3184 1299 3268; baseline -0.002 -20"><span class='ocrx_word' id='word_1_177' title='bbox 252 3185 367 3267; x_wconf 90' lang='lat' dir='ltr'>captio</span> <span class='ocrx_word' id='word_1_178' title='bbox 384 3185 508 3261; x_wconf 90' lang='lat' dir='ltr'>furum,</span> <span class='ocrx_word' id='word_1_179' title='bbox 531 3184 724 3250; x_wconf 88' lang='lat' dir='ltr'>libertatem</span> <span class='ocrx_word' id='word_1_180' title='bbox 748 3193 864 3250; x_wconf 89' lang='lat' dir='ltr'>teneat</span> <span class='ocrx_word' id='word_1_181' title='bbox 886 3193 924 3250; x_wconf 93' lang='lat' dir='ltr'>ut</span> <span class='ocrx_word' id='word_1_182' title='bbox 946 3186 1104 3268; x_wconf 88' lang='lat' dir='ltr'>superius</span> <span class='ocrx_word' id='word_1_183' title='bbox 1130 3184 1299 3248; x_wconf 91' lang='lat' dir='ltr'>titulatur.</span> 
     </span>
     <span class='ocr_line' id='line_1_28' title="bbox 253 3283 1301 3368; baseline -0.003 -20"><span class='ocrx_word' id='word_1_184' title='bbox 253 3285 355 3349; x_wconf 93' lang='lat' dir='ltr'>Hanc</span> <span class='ocrx_word' id='word_1_185' title='bbox 371 3305 455 3349; x_wconf 89' lang='lat' dir='ltr'>uero</span> <span class='ocrx_word' id='word_1_186' title='bbox 472 3305 584 3349; x_wconf 89' lang='lat' dir='ltr'>meam</span> <span class='ocrx_word' id='word_1_187' title='bbox 604 3286 835 3363; x_wconf 90' lang='lat' dir='ltr'>donationem,</span> <span class='ocrx_word' id='word_1_188' title='bbox 851 3286 941 3368; x_wconf 94' lang='lat' dir='ltr'>quod</span> <span class='ocrx_word' id='word_1_189' title='bbox 958 3292 1041 3367; x_wconf 88' lang='lat' dir='ltr'>opto</span> <span class='ocrx_word' id='word_1_190' title='bbox 1066 3283 1157 3347; x_wconf 88' lang='lat' dir='ltr'>absit</span> <span class='ocrx_word' id='word_1_191' title='bbox 1180 3302 1200 3346; x_wconf 88' lang='lat' dir='ltr'>a</span> <span class='ocrx_word' id='word_1_192' title='bbox 1217 3283 1301 3346; x_wconf 90' lang='lat' dir='ltr'>fide-</span> 
     </span>
     <span class='ocr_line' id='line_1_29' title="bbox 251 3383 1304 3468; baseline 0 -22"><span class='ocrx_word' id='word_1_193' title='bbox 251 3385 336 3448; x_wconf 92' lang='lat' dir='ltr'>lium</span> <span class='ocrx_word' id='word_1_194' title='bbox 363 3387 546 3462; x_wconf 89' lang='lat' dir='ltr'>mentibus,</span> <span class='ocrx_word' id='word_1_195' title='bbox 572 3386 803 3450; x_wconf 91' lang='lat' dir='ltr'>minuentibus</span> <span class='ocrx_word' id='word_1_196' title='bbox 830 3393 935 3468; x_wconf 91' lang='lat' dir='ltr'>atque</span> <span class='ocrx_word' id='word_1_197' title='bbox 962 3384 1213 3465; x_wconf 82' lang='lat' dir='ltr'>frangentibus,</span> <span class='ocrx_word' id='word_1_198' title='bbox 1241 3383 1304 3446; x_wconf 90' lang='lat' dir='ltr'>fiat</span> 
     </span>
     <span class='ocr_line' id='line_1_30' title="bbox 252 3482 1303 3566; baseline -0.001 -20"><span class='ocrx_word' id='word_1_199' title='bbox 252 3503 334 3565; x_wconf 89' lang='lat' dir='ltr'>pars</span> <span class='ocrx_word' id='word_1_200' title='bbox 351 3483 488 3547; x_wconf 90' lang='lat' dir='ltr'>illorum</span> <span class='ocrx_word' id='word_1_201' title='bbox 504 3504 580 3547; x_wconf 92' lang='lat' dir='ltr'>cum</span> <span class='ocrx_word' id='word_1_202' title='bbox 598 3485 667 3547; x_wconf 88' lang='lat' dir='ltr'>illis</span> <span class='ocrx_word' id='word_1_203' title='bbox 684 3486 726 3548; x_wconf 92' lang='lat' dir='ltr'>de</span> <span class='ocrx_word' id='word_1_204' title='bbox 745 3485 869 3566; x_wconf 91' lang='lat' dir='ltr'>quibus</span> <span class='ocrx_word' id='word_1_205' title='bbox 893 3504 912 3546; x_wconf 91' lang='lat' dir='ltr'>e</span> <span class='ocrx_word' id='word_1_206' title='bbox 932 3489 1055 3546; x_wconf 90' lang='lat' dir='ltr'>contra</span> <span class='ocrx_word' id='word_1_207' title='bbox 1077 3482 1182 3558; x_wconf 90' lang='lat' dir='ltr'>fatur,</span> <span class='ocrx_word' id='word_1_208' title='bbox 1198 3487 1208 3516; x_wconf 93' lang='lat'>‘</span> <span class='ocrx_word' id='word_1_209' title='bbox 1222 3483 1303 3546; x_wconf 92' lang='lat' dir='ltr'>Dis-</span> 
     </span>
     <span class='ocr_line' id='line_1_31' title="bbox 252 3580 1300 3663; baseline -0.003 -17"><span class='ocrx_word' id='word_1_210' title='bbox 252 3583 363 3646; x_wconf 89' lang='lat' dir='ltr'>cedite</span> <span class='ocrx_word' id='word_1_211' title='bbox 381 3602 402 3646; x_wconf 94' lang='lat' dir='ltr'>a</span> <span class='ocrx_word' id='word_1_212' title='bbox 423 3602 478 3644; x_wconf 89' lang='lat' dir='ltr'>me</span> <span class='ocrx_word' id='word_1_213' title='bbox 494 3581 667 3645; x_wconf 89' lang='lat' dir='ltr'>maledicti</span> <span class='ocrx_word' id='word_1_214' title='bbox 690 3584 725 3644; x_wconf 89' lang='lat' dir='ltr'>in</span> <span class='ocrx_word' id='word_1_215' title='bbox 749 3583 863 3663; x_wconf 89' lang='lat' dir='ltr'>ignem</span> <span class='ocrx_word' id='word_1_216' title='bbox 881 3580 1079 3658; x_wconf 86' lang='lat' dir='ltr'>aeternum,&#39;</span> <span class='ocrx_word' id='word_1_217' title='bbox 1095 3589 1130 3645; x_wconf 96' lang='lat' dir='ltr'>et</span> <span class='ocrx_word' id='word_1_218' title='bbox 1145 3589 1300 3655; x_wconf 89' lang='lat' dir='ltr'>caetera;</span> 
     </span>
     <span class='ocr_line' id='line_1_32' title="bbox 251 3680 1302 3762; baseline 0 -18"><span class='ocrx_word' id='word_1_219' title='bbox 251 3681 319 3744; x_wconf 91' lang='lat' dir='ltr'>nisi</span> <span class='ocrx_word' id='word_1_220' title='bbox 335 3680 391 3743; x_wconf 93' lang='lat' dir='ltr'>hic</span> <span class='ocrx_word' id='word_1_221' title='bbox 409 3682 503 3762; x_wconf 90' lang='lat' dir='ltr'>prius</span> <span class='ocrx_word' id='word_1_222' title='bbox 521 3681 737 3743; x_wconf 89' lang='lat' dir='ltr'>satisfaciant</span> <span class='ocrx_word' id='word_1_223' title='bbox 753 3687 833 3744; x_wconf 88' lang='lat' dir='ltr'>anta</span> <span class='ocrx_word' id='word_1_224' title='bbox 848 3687 1004 3745; x_wconf 87' lang='lat' dir='ltr'>mortem.</span> <span class='ocrx_word' id='word_1_225' title='bbox 1045 3681 1128 3745; x_wconf 91' lang='lat' dir='ltr'>Istis</span> <span class='ocrx_word' id='word_1_226' title='bbox 1149 3681 1302 3745; x_wconf 91' lang='lat' dir='ltr'>terminis</span> 
     </span>
     <span class='ocr_line' id='line_1_33' title="bbox 252 3778 1303 3862; baseline 0 -19"><span class='ocrx_word' id='word_1_227' title='bbox 252 3783 321 3844; x_wconf 91' lang='lat' dir='ltr'>ista</span> <span class='ocrx_word' id='word_1_228' title='bbox 346 3787 437 3844; x_wconf 90' lang='lat' dir='ltr'>terra</span> <span class='ocrx_word' id='word_1_229' title='bbox 467 3779 648 3842; x_wconf 89' lang='lat' dir='ltr'>hincinde</span> <span class='ocrx_word' id='word_1_230' title='bbox 674 3785 827 3862; x_wconf 86' lang='lat' dir='ltr'>gyratur,</span> <span class='ocrx_word' id='word_1_231' title='bbox 842 3786 906 3843; x_wconf 89' lang='lat' dir='ltr'>cto.</span> <span class='ocrx_word' id='word_1_232' title='bbox 974 3778 1077 3843; x_wconf 91' lang='lat' dir='ltr'>Anno</span> <span class='ocrx_word' id='word_1_233' title='bbox 1111 3780 1303 3844; x_wconf 88' lang='lat' dir='ltr'>dominicae</span> 
     </span>
     <span class='ocr_line' id='line_1_34' title="bbox 251 3878 1303 3962; baseline -0.002 -18"><span class='ocrx_word' id='word_1_234' title='bbox 251 3878 498 3944; x_wconf 88' lang='lat' dir='ltr'>incarnationis</span> <span class='ocrx_word' id='word_1_235' title='bbox 530 3879 709 3943; x_wconf 92' lang='lat' dir='ltr'>millesimo</span> <span class='ocrx_word' id='word_1_236' title='bbox 734 3878 945 3942; x_wconf 89' lang='lat' dir='ltr'>octodecimo</span> <span class='ocrx_word' id='word_1_237' title='bbox 973 3881 1103 3962; x_wconf 91' lang='lat' dir='ltr'>scripta</span> <span class='ocrx_word' id='word_1_238' title='bbox 1125 3886 1177 3943; x_wconf 90' lang='lat' dir='ltr'>est</span> <span class='ocrx_word' id='word_1_239' title='bbox 1201 3879 1303 3942; x_wconf 91' lang='lat' dir='ltr'>huius</span> 
     </span>
     <span class='ocr_line' id='line_1_35' title="bbox 252 3978 1303 4061; baseline 0 -19"><span class='ocrx_word' id='word_1_240' title='bbox 252 3978 504 4043; x_wconf 87' lang='lat' dir='ltr'>munificentiae</span> <span class='ocrx_word' id='word_1_241' title='bbox 530 3979 741 4061; x_wconf 86' lang='lat' dir='ltr'>syngrapha,</span> <span class='ocrx_word' id='word_1_242' title='bbox 763 3979 817 4041; x_wconf 88' lang='lat' dir='ltr'>his</span> <span class='ocrx_word' id='word_1_243' title='bbox 841 3980 986 4042; x_wconf 90' lang='lat' dir='ltr'>testibus</span> <span class='ocrx_word' id='word_1_244' title='bbox 1009 3980 1303 4043; x_wconf 88' lang='lat' dir='ltr'>consentientibus</span> 
     </span>
     <span class='ocr_line' id='line_1_36' title="bbox 252 4078 1174 4160; baseline 0.003 -19"><span class='ocrx_word' id='word_1_245' title='bbox 252 4097 398 4160; x_wconf 92' lang='lat' dir='ltr'>quorum</span> <span class='ocrx_word' id='word_1_246' title='bbox 415 4079 555 4142; x_wconf 90' lang='lat' dir='ltr'>nomina</span> <span class='ocrx_word' id='word_1_247' title='bbox 568 4078 710 4142; x_wconf 90' lang='lat' dir='ltr'>inferius</span> <span class='ocrx_word' id='word_1_248' title='bbox 727 4086 893 4142; x_wconf 86' lang='lat' dir='ltr'>caraxata</span> <span class='ocrx_word' id='word_1_249' title='bbox 910 4099 985 4143; x_wconf 88' lang='lat' dir='ltr'>esse</span> <span class='ocrx_word' id='word_1_250' title='bbox 1002 4079 1174 4144; x_wconf 88' lang='lat' dir='ltr'>uidentur.</span> 
     </span>
    </p>
   </div>
   <div class='ocr_carea' id='block_1_4' title="bbox 0 0 1470 4890">
    <p class='ocr_par' dir='ltr' id='par_1_4' title="bbox 0 0 1470 4890">
     <span class='ocr_line' id='line_1_37' title="bbox 0 0 1470 4890; baseline 0 0"><span class='ocrx_word' id='word_1_251' title='bbox 0 0 1470 4890; x_wconf 95' lang='lat' dir='ltr'> </span> 
     </span>
    </p>
   </div>
  </div>
 </body>
</html>
