2902 4890
400 383 571 432 eudorus
595 380 938 430 nucnosnxouronn
1136 362 1202 427 239

566 633 782 700 nocoon.

522 756 825 849 minuuntur.

202 932 240 1012 ›1‹
259 931 337 994 Eoo
354 930 568 994 Eadwardus
585 930 640 993 dei
657 931 772 1010 gratia
786 950 848 994 rex
863 929 1056 1011 Anglorum
1070 931 1198 995 Eedsio

146 1030 417 1113 archiepiscopo,
434 1038 469 1094 et
486 1028 658 1094 Godwino
677 1031 806 1107 comiti,
822 1038 857 1094 et
875 1032 1032 1094 omnibus
1048 1032 1120 1094 suis
1138 1033 1200 1094 ba·

147 1131 286 1194 renibus
305 1129 451 1194 Cantiae
475 1128 643 1194 salutern!
696 1129 821 1192 Sciatis
845 1150 899 1194 me
923 1130 1058 1194 dedisse
1076 1131 1140 1193 deo
1158 1150 1199 1194 ec

147 1238 269 1293 saneto
288 1226 486 1311 Augustino
509 1237 544 1292 et
561 1228 725 1292 fratribus
747 1236 786 1293 ut
810 1229 959 1293 habeant
980 1250 1096 1294 eorum
1119 1250 1201 1293 soca

145 1337 181 1393 et
202 1347 320 1404 socna,
334 1336 371 1393 et
385 1330 481 1412 pacis
498 1327 697 1406 fracturam,
713 1336 748 1392 et
765 1347 916 1411 pugnam
933 1331 968 1392 in
992 1329 1094 1393 domo
1112 1328 1197 1394 faot-

148 1446 217 1506 am,
239 1435 275 1491 et
296 1429 374 1492 uiae
396 1428 561 1504 assultus
584 1437 620 1492 et
641 1429 793 1492 latrones
814 1429 960 1492 interra
981 1447 1045 1492 sua
1066 1437 1200 1510 captos,

148 1527 390 1611 latronumque
417 1529 670 1611 susceptionem
699 1528 755 1592 uel
782 1529 974 1610 pastionem
998 1547 1102 1610 super
1125 1529 1200 1592 illo·

149 1647 224 1691 rum
241 1629 399 1710 proprios
417 1628 583 1704 homines,
600 1627 690 1690 infra
713 1628 889 1692 ciuitatem
909 1633 944 1691 et
960 1635 1073 1703 extra,
1091 1628 1201 1691 thelo-

149 1742 319 1810 neumque
342 1747 442 1791 suum
465 1729 501 1791 in
525 1735 617 1791 terra
643 1733 679 1790 et
705 1728 741 1791 in
765 1746 865 1808 aqua,
890 1734 995 1809 atque
1018 1735 1201 1791 consuetu·

148 1827 263 1891 dinem
279 1846 367 1910 quae
382 1827 509 1890 dicitur
525 1833 671 1905 teames2
682 1837 718 1891 ct
741 1846 843 1910 super
859 1847 977 1891 omncs
1004 1827 1201 1891 allodiarios

149 1946 236 2009 quos
252 1927 301 1990 eis
319 1927 428 1991 habeo
445 1919 558 1991 datosss
611 1927 688 1991 Nec
705 1927 786 1990 uolo
804 1926 998 1991 consentire
1018 1933 1056 1990 ut
1075 1927 1201 2008 aliquis

149 2026 184 2089 in
207 2026 324 2109 aliqua
351 2046 388 2089 re
406 2027 448 2089 de
477 2026 543 2090 hiis
570 2045 608 2090 se
635 2026 844 2090 intromittat
873 2025 940 2089 nisi
963 2045 1081 2090 eorum
1102 2045 1201 2108 prae·

149 2127 253 2208 positi
279 2126 404 2208 quibus
428 2125 495 2208 ipsi
522 2126 608 2190 haec
636 2125 962 2202 commendauerint‚
985 2125 1068 2207 quia
1092 2124 1201 2189 habeo

150 2225 214 2289 has
230 2225 495 2290 consuetudines
516 2227 581 2290 deo
601 2226 701 2291 datas
726 2234 761 2289 ct
776 2233 897 2290 sancto
915 2223 1201 2313 Augustinopro

150 2325 384 2408 redemptione
401 2324 536 2390 animae
559 2345 668 2403 meae,
690 2326 741 2390 ite
769 2325 915 2409 pleniter
932 2333 967 2388 et
984 2325 1090 2388 libere
1112 2323 1202 2387 sicut

150 2425 271 2488 melius
300 2424 496 2489 habuerunt
521 2433 675 2507 tempore
705 2426 979 2507 praedecessoris
1005 2423 1072 2486 mci
1091 2422 1203 2487 Knuti

151 2525 264 2606 regis3
297 2532 333 2589 et
365 2526 446 2588 nolo
476 2526 669 2589 consentire
701 2531 739 2588 ut
770 2524 895 2606 aliquis
925 2523 1010 2587 haec
1039 2521 1204 2604 infringat

151 2624 252 2688 sicuti
271 2644 383 2688 meam
401 2625 588 2689 amicitiem
605 2625 683 2688 uult
700 2624 835 2687 habere.

567 2917 803 2984 ncoccru.

529 3040 831 3133 niownnno.

200 3217 240 3297 *1⁴
251 3214 494 3280 Enownnnus
513 3234 574 3278 rex
583 3214 697 3279 Ulisio
714 3214 888 3294 episcopo,
903 3211 1058 3276 Siwardo
1073 3213 1202 3289 comiti,

153 3314 300 3379 AElfrico
313 3314 564 3391 uicecomiti‚et
580 3314 738 3378 omnibus
756 3311 921 3375 ministris
939 3311 1011 3374 suis
1028 3311 1070 3375 de
1085 3312 1202 3376 Hunt-

151 3413 370 3495 ingdoniensi
386 3415 488 3488 scira,
508 3414 675 3477 salutem!
724 3411 858 3497 Notum
874 3410 972 3474 uobis
997 3412 1043 3474 sit
1065 3431 1120 3474 me
1144 3412 1203 3474 de·
1243 3421 1245 3425 “

152 3513 244 3578 disse
271 3514 337 3577 deo
365 3522 401 3578 et
425 3521 547 3577 sancto
565 3511 754 3577 Benedicto
780 3520 815 3575 et
832 3509 1000 3573 AElswino
1022 3510 1139 3574 abbati
1163 3511 1206 3574 de

153 3612 320 3678 Remesia
341 3621 469 3678 terram
492 3612 536 3676 de
554 3614 706 3677 Brocton
727 3628 833 3693 quam
858 3617 995 3691 egomet
1018 3611 1065 3673 ibi
1088 3610 1205 3687 habui,

152 3730 231 3775 cum
255 3730 338 3776 seca
355 3720 391 3777 et
407 3731 489 3777 soce
510 3712 546 3774 in
568 3712 742 3784 omuibus;
767 3718 803 3774 et
820 3708 907 3773 nulli
923 3709 1095 3772 hominum
1119 3709 1206 3773 hanc
1323 3783 1327 3790 .

152 3812 372 3877 donationem
399 3813 581 3876 immutare
603 3812 777 3894 permitto.
831 3808 934 3888 Quod
962 3808 992 3871 si
1020 3809 1098 3890 quis
1126 3816 1206 3891 post

152 3911 225 3975 dies
247 3931 342 3976 meos
366 3911 432 3977 hoe
453 3910 607 3975 minuere
629 3910 687 3975 uel
708 3918 842 3973 mutere
871 3925 975 3971 ausus
1005 3906 1108 3971 fuerit
1133 3908 1207 3972 siue

153 4011 298 4076 clericus
326 4011 373 4077 sit
393 4013 467 4076 siue
488 4011 599 4075 laicus
629 4016 831 4091 segregetur
852 4007 910 4071 ille
938 4004 1115 4071 uChristo
1132 4015 1168 4070 et
1185 4026 1207 4069 e

152 4110 266 4177 sancti
282 4111 461 4175 Benedicti
488 4119 523 4174 et
550 4111 702 4175 omnium
729 4114 928 4187 sanctorum
956 4106 1142 4182 consortio,
1172 4114 1208 4169 ct
