2902 4890
888 216 895 251 l

191 353 235 417 50
449 367 622 416 curnula
645 363 990 413 suonoslxourcsn.

622 618 828 685 DCCLIII.

574 769 595 811 ¹*
611 766 760 845 CNUT,
783 766 879 831 1035.

254 918 293 998 ›1‹
317 917 393 980 Eoo
423 915 516 980 Cnut
537 936 599 980 rex
628 936 691 1000 per
713 917 768 981 dei
792 916 940 1000 gratiam
972 915 1080 981 totius
1101 912 1258 996 Angliae

198 1017 295 1097 regui
327 1023 432 1099 atque
469 1016 649 1081 Dauorum
688 1017 908 1099 pontificibus
945 1016 1031 1081 meis
1068 1014 1187 1079 reuelo
1219 1022 1257 1079 et

198 1115 343 1180 ducibus
360 1117 445 1180 meis
461 1116 686 1199 optimatibus
704 1137 782 1181 curn
799 1118 848 1182 eis
863 1117 967 1181 etiam
982 1115 1122 1180 insimul
1139 1114 1257 1179 Danis

198 1222 234 1280 et
259 1215 397 1299 Anglis,
425 1216 517 1298 quod
546 1217 590 1280 ad
619 1218 865 1282 monasterium
892 1223 993 1281 uetus
1018 1215 1111 1299 quod
1136 1221 1192 1279 est
1218 1215 1257 1279 in

199 1315 381 1381 Wintouia
402 1316 624 1381 aeternaliter
654 1318 817 1395 concedo,
848 1316 978 1382 Christi
1018 1316 1063 1380 ad
1101 1314 1256 1392 laudem,

199 1423 389 1499 sanctoque
407 1415 514 1481 Petro
543 1423 647 1499 atque
664 1416 777 1482 Paulo
804 1417 1003 1499 sanctisque
1028 1414 1114 1479 inibi
1139 1415 1255 1497 quies·

198 1516 355 1581 centibus
382 1518 545 1599 quatinus
571 1517 816 1581 monasterium
840 1517 927 1581 illud
948 1516 1094 1580 liberum
1113 1533 1252 1597 perma-

200 1622 282 1680 neat
310 1617 354 1680 ab
385 1617 479 1680 omni
511 1616 653 1681 seruitio
684 1617 866 1694 saeculari,
900 1614 1056 1697 exceptis
1089 1614 1253 1697 operibus

201 1714 269 1778 illis
285 1735 374 1797 quae
392 1716 526 1780 cunctis
546 1717 685 1799 populis
703 1716 897 1781 communia
912 1722 1007 1792 sunt,
1028 1714 1173 1791 scilicet,
1189 1733 1253 1779 ex-

200 1814 374 1898 peditione
391 1816 465 1879 siue
481 1815 580 1880 sitin
596 1817 712 1880 nauali
730 1817 933 1881 collectione
947 1816 1022 1879 siue
1036 1815 1072 1877 in
1088 1813 1255 1897 pedestri,

201 1915 387 1998 pontisque
402 1915 666 1992 instauratione,
689 1917 846 1999 murique
870 1914 1014 1992 fabrica,
1034 1921 1069 1979 et
1086 1913 1253 1997 quicquid

200 2015 333 2079 interea
355 2016 399 2079 ab
421 2015 580 2079 omnibus
600 2017 807 2097 generaliter
820 2014 1114 2099 pernecessarium
1128 2013 1252 2088 suerit;

201 2114 313 2197 uiguit
331 2121 447 2179 autem
463 2115 605 2179 libertas
620 2116 690 2180 ista
713 2117 818 2197 longo
834 2123 989 2198 tempore
1010 2114 1055 2179 ad
1080 2113 1254 2197 praedict·

191 2234 258 2278 ·um
285 2216 530 2280 monasterium
557 2216 593 2279 in
617 2215 738 2280 diebus
760 2217 913 2298 priorum
937 2234 1057 2296 regum
1082 2214 1141 2297 qui
1169 2221 1254 2279 ante

202 2334 266 2379 nos
279 2324 523 2397 regnauerunt.
562 2315 714 2380 Proinde
724 2314 931 2397 generaliter
940 2314 1099 2379 omnibus
1110 2313 1255 2396 diuulgo

201 2422 426 2496 augmentum
449 2415 541 2499 quod
568 2415 648 2479 huic
676 2416 828 2481 libertati
854 2413 1002 2479 adiicere
1031 2413 1163 2490 curaui,
1188 2433 1255 2497 pro

200 2516 336 2578 animae
364 2534 460 2579 meae
481 2513 715 2598 redemptione
739 2515 959 2597 omniumque
981 2520 1063 2578 ante
1086 2513 1144 2577 uel
1172 2521 1256 2596 post

201 2634 256 2678 me
275 2615 492 2695 regnantium
509 2633 641 2695 regum,
663 2615 699 2679 id
722 2622 805 2680 suut
826 2616 958 2679 scelera
979 2633 1077 2696 quae·
1093 2613 1257 2679 dicuntur

203 2710 351 2792 Anglice
378 2713 563 2779 hamsocne
597 2714 664 2778 and
700 2715 896 2780 forsteallas
925 2714 994 2778 aud
1024 2714 1256 2797 myudbrycas

202 2812 382 2894 omnisque
420 2815 587 2878 correctio
629 2816 703 2879 siue
745 2815 863 2898 magni
901 2813 975 2879 siue
1011 2813 1111 2897 parui
1147 2832 1255 2897 super

201 2911 382 2976 uniuersos
402 2914 527 2997 quibus
551 2914 690 2979 obedire
714 2914 840 2979 debent
867 2915 927 2998 qui
956 2914 1166 2979 monasterio
1190 2913 1255 2980 illo

202 3010 246 3074 ad
260 3029 396 3075 manum
411 3013 466 3076 dei
481 3020 657 3096 praesunt.
703 3013 808 3079 Nunc
819 3034 903 3097 ergo
919 3032 1034 3093 annuo
1049 3022 1085 3079 et
1101 3015 1256 3081 concedo

201 3110 289 3175 hanc
313 3112 507 3176 libertatem
532 3114 670 3178 domino
697 3134 774 3179 meo
799 3115 859 3197 qui
886 3115 977 3178 bona
999 3113 1081 3177 mihi
1103 3113 1256 3196 plurima

201 3212 373 3276 concessit
400 3213 525 3295 quibus
554 3214 590 3276 in
621 3214 686 3279 hoc
715 3214 853 3279 saeculo
881 3213 1082 3297 perfunctus
1111 3232 1202 3291 sum,
1219 3224 1257 3281 et

201 3313 304 3376 beato
320 3311 425 3377 Petro
440 3314 499 3396 qui
515 3320 720 3396 potestatem
747 3315 851 3379 habet
866 3314 902 3377 iu
921 3313 1018 3377 coelo
1041 3321 1078 3377 et
1097 3313 1134 3376 in
1160 3320 1257 3381 terra

200 3411 331 3494 ligandi
346 3413 497 3495 itemque
519 3414 675 3478 soluendi
695 3414 739 3478 ad
761 3421 938 3478 aeternum
963 3413 1115 3476 incolum
1131 3420 1257 3480 contra

201 3513 345 3576 crimina
362 3532 520 3596 quaeque
538 3514 680 3578 nasama.
718 3513 868 3579 Proinde
884 3511 1059 3596 praecipio
1077 3532 1139 3595 per
1154 3533 1256 3597 mag·

201 3631 281 3675 nam
304 3613 519 3676 maiestatem
547 3612 601 3676 dei
626 3620 666 3677 ut
692 3614 807 3677 nullus
835 3631 1074 3677 successorum
1098 3632 1256 3679 meorum

201 3710 289 3775 hanc
307 3719 518 3775 commutare
540 3721 738 3793 praesumat
759 3713 964 3778 libertatem.
1016 3713 1053 3777 Si
1069 3713 1147 3796 quis
1163 3714 1257 3781 forte

201 3831 263 3894 per
279 3811 467 3893 quamlibet
483 3811 711 3877 temeritatem
727 3821 788 3876 aut
807 3833 868 3895 per
885 3811 1091 3876 diabolicam
1105 3796 1283 3897 instiga-⁹

202 3912 328 3975 tionem
346 3911 434 3974 hanc
456 3909 649 3973 libertatem
672 3913 884 3996 perfringere
906 3911 1055 3976 uoluerit
1072 3913 1146 3976 siue
1163 3913 1257 3981 hauc

201 4010 451 4075 institutionem
473 4011 509 4073 in
527 4008 620 4072 aliud
636 4020 768 4077 mutare
784 4012 1064 4097 praesumpserit,
1083 4013 1130 4076 sit
1146 4014 1256 4079 male'-

202 4109 314 4173 dictus
352 4110 511 4175 omnibus
545 4110 840 4176 maledictionibus
878 4132 968 4195 quae
1006 4112 1043 4175 iu
1082 4113 1258 4180 uniuersis
