2902 4890
395 381 568 430 canariis
590 362 932 431 nnenosnxonrcnn.
1128 370 1194 434 149

137 538 349 621 praedictam
366 540 485 604 uillam
503 541 673 623 pertinere
696 540 933 620 dinoscuntur,
949 543 1092 626 campis,
1110 564 1191 627 pas·

135 641 222 718 cuis,
233 640 356 723 pratis,
367 639 477 718 siluis,
488 647 523 704 et
538 660 615 704 cum
631 643 788 706 omnibus
806 642 884 705 aliis
900 644 1005 706 rebus·
1020 663 1108 726 quae
1124 645 1189 708 sibi

134 739 210 804 iure
231 740 418 822 subiugata
439 741 633 805 consistunt
648 760 671 804 a
686 761 740 805 me
760 749 795 806 et
812 745 1087 807 antecessoribus
1105 746 1190 808 meis

135 841 293 906 hilariter
316 840 471 906 concessi
496 841 540 904 ad
570 840 668 904 illum
698 842 890 924 praefatum
925 843 1037 907 locum
1067 845 1189 909 heatae

136 943 285 1020 Mariae,
303 947 343 1006 ut
363 940 430 1024 ipsi
452 941 512 1023 qui
534 941 600 1004 sibi
625 941 806 1005 seruitium
836 942 1130 1008 aecclesiasticum
1153 946 1189 1009 in

134 1044 196 1108 illo
212 1043 291 1107 loco
308 1041 527 1125 praebuerint
544 1041 657 1105 uictus
678 1041 732 1105 sui
752 1041 924 1106 alimentis
942 1044 1106 1108 alimenta
1130 1064 1188 1108 au·

135 1151 242 1225 geant
259 1150 295 1206 et
311 1140 531 1206 aeternaliter
547 1140 643 1204 illam
661 1141 860 1223 possideant
875 1150 911 1206 et
925 1150 966 1207 ut
985 1163 1039 1206 me
1059 1144 1094 1206 in
1117 1164 1188 1208 me-

133 1244 244 1308 moria
258 1241 419 1306 habeant.
471 1240 524 1305 Sit
542 1250 657 1305 autem
675 1241 899 1323 praetitulata
921 1242 1062 1307 donatio
1080 1243 1188 1309 libera

134 1345 178 1408 ab
200 1342 293 1408 omni
310 1341 420 1423 regali
436 1340 576 1404 seruitio
597 1347 632 1405 et
649 1342 693 1404 ab
711 1342 803 1404 omni
826 1342 1012 1407 ambitione
1032 1345 1187 1408 mundia-

133 1445 216 1509 lium
233 1461 393 1506 curarum
411 1440 477 1503 nisi
492 1438 585 1523 quod
603 1441 773 1504 communi
792 1442 920 1523 populo
937 1443 1186 1524 prouidendum

133 1552 197 1621 est,
210 1543 246 1608 id
261 1550 314 1607 est
331 1540 446 1624 pontis
464 1541 598 1604 arcisue
613 1542 882 1618 constructione,
900 1550 934 1605 et
952 1543 1050 1624 regni
1068 1543 1185 1607 desen-

131 1646 236 1708 sione.
268 1644 271 1649 ’
289 1642 326 1706 Si
344 1642 422 1725 quis
445 1646 559 1704 autern
583 1640 686 1703 huius
703 1641 899 1705 donationis
915 1644 1183 1708 munificentiam

132 1760 259 1827 augere
271 1742 422 1806 uoluerit
438 1740 607 1805 foeliciter
622 1742 712 1805 inter
729 1742 875 1805 coelibes
892 1743 1091 1807 coelestium
1111 1752 1185 1808 tur-

132 1864 264 1908 marum
281 1843 354 1906 sine
368 1841 434 1905 fine
449 1843 483 1904 in
495 1849 635 1905 aeterna
652 1841 764 1922 gloria
778 1842 852 1905 uoti
869 1862 1010 1925 compos
1025 1843 1182 1911 laetetur.

131 1945 191 2010 Sin
206 1951 335 2020 autern,
347 1941 438 2025 quod
454 1961 523 2005 non
541 1951 711 2024 optamus,
728 1940 853 2033 aliquis
871 1943 1082 2024 praedictum
1103 1963 1183 2007 nos-

130 2053 221 2110 trum
249 2044 374 2108 donum
396 2041 571 2105 destruere
595 2049 700 2123 atque
730 2041 842 2104 delere
868 2042 1030 2118 uoluerit,
1048 2046 1184 2108 nouerit

130 2165 167 2210 se
190 2163 265 2209 esse
287 2141 614 2206 anathematizatum
643 2147 722 2204 ante
749 2141 899 2204 tribunal
922 2140 1051 2204 domini
1074 2145 1183 2206 nostri

130 2245 235 2309 Ihesu
253 2242 384 2307 Christi
404 2241 469 2304 nisi
491 2242 587 2323 prius
609 2241 716 2322 digna
742 2240 976 2304 satisfactione
1001 2243 1182 2307 emendare

128 2345 300 2421 maluerit,
311 2349 378 2407 etc.
424 2341 495 2405 Hic
513 2348 595 2405 sunt
610 2341 793 2422 designata
810 2341 949 2404 nomina
964 2341 1104 2404 testium
1122 2342 1181 2425 qui
1307 2395 1312 2403 .

129 2446 267 2511 fuerunt
282 2444 317 2506 in
335 2442 533 2525 praesentia
551 2440 688 2524 quando
711 2440 853 2505 exhibui
876 2440 1052 2523 praefatae
1074 2443 1181 2506 dona·

127 2546 231 2612 tionis
248 2543 430 2608 cartulam.

180 2647 221 2728 ›1‹
240 2644 317 2726 Ego
333 2640 547 2706 Eadwardus
565 2661 626 2705 rex
644 2640 836 2722 Anglorum
860 2641 963 2704 huius
985 2642 1179 2708 donationis

126 2745 367 2811 auctoritatem
388 2742 535 2805 libenter
556 2743 721 2805 concessi.
779 2744 817 2823 ›1‹
840 2742 915 2822 Ego
928 2742 1074 2826 Eadgyrt
1092 2745 1179 2809 eius-

125 2847 202 2911 dem
220 2845 311 2926 regis
334 2843 556 2906 conlaterana
577 2841 666 2904 hanc
692 2842 842 2922 regalem
859 2840 1079 2906 donationem
1097 2865 1179 2909 con·

125 2945 271 3011 firmaui.
321 2946 360 3027 ›1‹
376 2942 451 3024 Ego
465 2942 654 3022 Stigandus
670 2941 947 3024 archiepiscopus
962 2945 1176 3026 consignaui.

130 3049 169 3130 ›1‹
198 3046 275 3127 Ego
299 3042 491 3107 Ealdredus
523 3041 801 3124 archiepiscopus
832 3042 1057 3106 consolidaui.
1134 3047 1173 3126 ›1‹

130 3149 168 3230 ›1‹
186 3146 263 3228 Ego
282 3143 518 3207 Herimannus
542 3143 724 3224 episcopus
749 3142 979 3206 corroboraui.
1046 3143 1085 3222 ›1‹
1100 3143 1177 3224 Ego

126 3245 317 3312 AElielricus
332 3242 513 3326 episcopus
525 3241 729 3305 coadunari.
767 3243 806 3322 ιχ(
823 3240 899 3320 Ego
913 3239 1091 3304 Leofricus
1105 3244 1178 3324 epi-

121 3364 248 3428 scopus
269 3341 462 3425 conquieui.
520 3344 559 3425 ›1‹
580 3342 655 3423 Ego
673 3341 869 3405 Siweardus
894 3340 1074 3423 episcopus
1094 3361 1174 3406 con-

123 3447 221 3512 clusi.
279 3442 412 3526 ›14Ego
424 3441 611 3506 Eadwinus
628 3442 744 3505 abbas.
800 3443 838 3522 ›1‹
854 3440 929 3520 Ego
943 3440 1174 3505 Wulfwcldus

121 3546 241 3613 abbas.
313 3542 450 3625 ›14Eg0
469 3541 634 3605 Ordricus
656 3542 774 3604 abbas
838 3541 876 3620 ›1‹
898 3538 974 3620 Ego
992 3540 1173 3604 AElfnobus

121 3646 237 3714 abbas.
301 3645 340 3724 ›1‹
364 3642 441 3723 Ego
458 3641 636 3706 Uulfricus
662 3642 780 3704 abbas.
839 3642 877 3721 ›1‹
901 3639 978 3720 Ego
994 3639 1175 3704 Leofstan-

120 3769 162 3813 us
179 3746 299 3809 abbas.
355 3743 394 3822 ›1‹
418 3742 494 3822 Ego
514 3740 648 3805 Harold
667 3741 749 3804 dun.
802 3739 933 3821 ›14Eg0
948 3739 1073 3821 Tostig
1088 3740 1170 3804 dux.

125 3851 164 3932 »χε
187 3844 263 3926 Ego
281 3842 419 3924 AElfgar
444 3842 528 3905 dux.
595 3843 634 3922 ›1‹
657 3840 732 3920 Ego
752 3839 869 3922 Geyrd
887 3839 968 3901 dux.
1035 3841 1171 3923 ›14Ego

119 3941 385 4014 Weelheofdux.
433 3941 565 4025 ›14Ego
579 3939 752 4003 Leofwine
770 3940 852 4004 dux.
897 3939 936 4018 ›1‹
954 3937 1171 4021 Egossyrht..

119 4050 168 4114 ric
191 4045 358 4110 minister.
415 4044 454 4125 ›1‹
475 4042 551 4122 Ego
569 4039 707 4121 AElfgar
729 4039 894 4100 minister.
952 4040 990 4119 ›1‹
1013 4038 1089 4120 Ego
1106 4040 1171 4105 Es-

119 4169 204 4234 gear
231 4144 395 4209 minister.
467 4138 758 4223 »14Eg0Bonsig
785 4137 950 4201 minister.
1034 4141 1170 4223 ›14Eg0
