<?xml version="1.0" encoding="UTF-8"?>
<!DOCTYPE html PUBLIC "-//W3C//DTD XHTML 1.0 Transitional//EN"
    "http://www.w3.org/TR/xhtml1/DTD/xhtml1-transitional.dtd">
<html xmlns="http://www.w3.org/1999/xhtml" xml:lang="en" lang="en">
 <head>
  <title>
</title>
<meta http-equiv="Content-Type" content="text/html;charset=utf-8" />
  <meta name='ocr-system' content='tesseract 3.04.00' />
  <meta name='ocr-capabilities' content='ocr_page ocr_carea ocr_par ocr_line ocrx_word'/>
</head>
<body>
  <div class='ocr_page' id='page_1' title='image "./codexdiplomatic03kembgoog_0173.png"; bbox 0 0 2902 4890; ppageno 0'>
   <div class='ocr_carea' id='block_1_1' title="bbox 267 370 1060 435">
    <p class='ocr_par' dir='ltr' id='par_1_1' title="bbox 267 370 1060 435">
     <span class='ocr_line' id='line_1_1' title="bbox 267 370 1060 435; baseline -0.006 -2"><span class='ocrx_word' id='word_1_1' title='bbox 267 370 333 435; x_wconf 75' lang='lat' dir='ltr'><strong>lte</strong></span> <span class='ocrx_word' id='word_1_2' title='bbox 522 383 694 434; x_wconf 77' lang='lat' dir='ltr'><strong>onnnrnn</strong></span> <span class='ocrx_word' id='word_1_3' title='bbox 717 379 1060 430; x_wconf 74' lang='lat' dir='ltr'><strong>nncnosrxomcnn.</strong></span> 
     </span>
    </p>
   </div>
   <div class='ocr_carea' id='block_1_2' title="bbox 265 541 1322 2127">
    <p class='ocr_par' dir='ltr' id='par_1_2' title="bbox 265 541 1322 2127">
     <span class='ocr_line' id='line_1_2' title="bbox 269 541 1319 627; baseline -0.006 -18"><span class='ocrx_word' id='word_1_4' title='bbox 269 566 348 609; x_wconf 84' lang='lat' dir='ltr'><strong>cnm</strong></span> <span class='ocrx_word' id='word_1_5' title='bbox 370 545 526 609; x_wconf 92' lang='lat' dir='ltr'><strong>omnibus</strong></span> <span class='ocrx_word' id='word_1_6' title='bbox 547 543 613 607; x_wconf 91' lang='lat' dir='ltr'>sibi</span> <span class='ocrx_word' id='word_1_7' title='bbox 639 543 900 627; x_wconf 90' lang='lat' dir='ltr'><strong>pertinentibus.</strong></span> <span class='ocrx_word' id='word_1_8' title='bbox 953 542 1135 607; x_wconf 87' lang='lat' dir='ltr'><strong>Postremo</strong></span> <span class='ocrx_word' id='word_1_9' title='bbox 1157 561 1222 622; x_wconf 90' lang='lat' dir='ltr'><strong>ego</strong></span> <span class='ocrx_word' id='word_1_10' title='bbox 1245 541 1319 623; x_wconf 90' lang='lat' dir='ltr'><strong>ipse</strong></span> 
     </span>
     <span class='ocr_line' id='line_1_3' title="bbox 271 640 1322 729; baseline -0.006 -20"><span class='ocrx_word' id='word_1_11' title='bbox 271 653 412 729; x_wconf 87' lang='lat' dir='ltr'><strong>propter</strong></span> <span class='ocrx_word' id='word_1_12' title='bbox 427 664 522 728; x_wconf 90' lang='lat' dir='ltr'><strong>spem</strong></span> <span class='ocrx_word' id='word_1_13' title='bbox 544 645 781 708; x_wconf 82' lang='lat' dir='ltr'><strong>retributionis</strong></span> <span class='ocrx_word' id='word_1_14' title='bbox 804 651 965 708; x_wconf 85' lang='lat' dir='ltr'>aeternae</span> <span class='ocrx_word' id='word_1_15' title='bbox 982 649 1017 707; x_wconf 92' lang='lat' dir='ltr'><strong>et</strong></span> <span class='ocrx_word' id='word_1_16' title='bbox 1035 661 1099 724; x_wconf 88' lang='lat' dir='ltr'><strong>pro</strong></span> <span class='ocrx_word' id='word_1_17' title='bbox 1120 640 1322 704; x_wconf 86' lang='lat' dir='ltr'><strong>remissione</strong></span> 
     </span>
     <span class='ocr_line' id='line_1_4' title="bbox 272 741 1320 826; baseline -0.004 -18"><span class='ocrx_word' id='word_1_18' title='bbox 272 747 472 809; x_wconf 87' lang='lat' dir='ltr'><strong>delictorum</strong></span> <span class='ocrx_word' id='word_1_19' title='bbox 495 764 647 808; x_wconf 89' lang='lat' dir='ltr'><strong>meorum</strong></span> <span class='ocrx_word' id='word_1_20' title='bbox 672 751 708 808; x_wconf 90' lang='lat' dir='ltr'><strong>et</strong></span> <span class='ocrx_word' id='word_1_21' title='bbox 724 765 787 826; x_wconf 90' lang='lat' dir='ltr'><strong>pro</strong></span> <span class='ocrx_word' id='word_1_22' title='bbox 810 745 990 808; x_wconf 83' lang='lat' dir='ltr'><strong>animabus</strong></span> <span class='ocrx_word' id='word_1_23' title='bbox 1013 742 1121 825; x_wconf 90' lang='lat' dir='ltr'><strong>patris</strong></span> <span class='ocrx_word' id='word_1_24' title='bbox 1144 748 1179 806; x_wconf 92' lang='lat' dir='ltr'><strong>et</strong></span> <span class='ocrx_word' id='word_1_25' title='bbox 1198 741 1320 805; x_wconf 87' lang='lat' dir='ltr'><strong>matris</strong></span> 
     </span>
     <span class='ocr_line' id='line_1_5' title="bbox 272 842 1320 928; baseline -0.005 -19"><span class='ocrx_word' id='word_1_26' title='bbox 272 864 366 909; x_wconf 89' lang='lat' dir='ltr'><strong>meae</strong></span> <span class='ocrx_word' id='word_1_27' title='bbox 383 852 418 909; x_wconf 93' lang='lat' dir='ltr'><strong>et</strong></span> <span class='ocrx_word' id='word_1_28' title='bbox 432 845 582 909; x_wconf 90' lang='lat' dir='ltr'><strong>omnium</strong></span> <span class='ocrx_word' id='word_1_29' title='bbox 606 850 787 928; x_wconf 88' lang='lat' dir='ltr'><strong>parentum</strong></span> <span class='ocrx_word' id='word_1_30' title='bbox 803 864 968 921; x_wconf 90' lang='lat' dir='ltr'><strong>meorum,</strong></span> <span class='ocrx_word' id='word_1_31' title='bbox 990 842 1034 906; x_wconf 90' lang='lat' dir='ltr'><strong>ad</strong></span> <span class='ocrx_word' id='word_1_32' title='bbox 1057 842 1193 906; x_wconf 87' lang='lat' dir='ltr'><strong>laudem</strong></span> <span class='ocrx_word' id='word_1_33' title='bbox 1211 842 1320 905; x_wconf 93' lang='lat' dir='ltr'><strong>omni-</strong></span> 
     </span>
     <span class='ocr_line' id='line_1_6' title="bbox 272 942 1320 1028; baseline -0.005 -19"><span class='ocrx_word' id='word_1_34' title='bbox 272 946 422 1028; x_wconf 89' lang='lat' dir='ltr'><strong>potentis</strong></span> <span class='ocrx_word' id='word_1_35' title='bbox 439 945 504 1020; x_wconf 89' lang='lat' dir='ltr'><strong>dei,</strong></span> <span class='ocrx_word' id='word_1_36' title='bbox 527 945 569 1008; x_wconf 89' lang='lat' dir='ltr'><strong>ad</strong></span> <span class='ocrx_word' id='word_1_37' title='bbox 589 964 672 1008; x_wconf 91' lang='lat' dir='ltr'><strong>usus</strong></span> <span class='ocrx_word' id='word_1_38' title='bbox 696 945 841 1008; x_wconf 85' lang='lat' dir='ltr'><strong>fratrum</strong></span> <span class='ocrx_word' id='word_1_39' title='bbox 863 944 989 1007; x_wconf 91' lang='lat' dir='ltr'><strong>ibidem</strong></span> <span class='ocrx_word' id='word_1_40' title='bbox 1005 943 1069 1007; x_wconf 91' lang='lat' dir='ltr'><strong>deo</strong></span> <span class='ocrx_word' id='word_1_41' title='bbox 1085 942 1320 1018; x_wconf 89' lang='lat' dir='ltr'><strong>seruientium,</strong></span> 
     </span>
     <span class='ocr_line' id='line_1_7' title="bbox 271 1042 1319 1128; baseline -0.005 -19"><span class='ocrx_word' id='word_1_42' title='bbox 271 1045 314 1109; x_wconf 88' lang='lat' dir='ltr'><strong>de</strong></span> <span class='ocrx_word' id='word_1_43' title='bbox 336 1065 412 1108; x_wconf 92' lang='lat' dir='ltr'><strong>meo</strong></span> <span class='ocrx_word' id='word_1_44' title='bbox 427 1045 501 1108; x_wconf 90' lang='lat' dir='ltr'><strong>iure</strong></span> <span class='ocrx_word' id='word_1_45' title='bbox 519 1045 611 1128; x_wconf 90' lang='lat' dir='ltr'><strong>quod</strong></span> <span class='ocrx_word' id='word_1_46' title='bbox 636 1044 719 1109; x_wconf 92' lang='lat' dir='ltr'><strong>mihi</strong></span> <span class='ocrx_word' id='word_1_47' title='bbox 736 1044 801 1108; x_wconf 92' lang='lat' dir='ltr'><strong>soli</strong></span> <span class='ocrx_word' id='word_1_48' title='bbox 817 1045 1044 1126; x_wconf 86' lang='lat' dir='ltr'><strong>competebat,</strong></span> <span class='ocrx_word' id='word_1_49' title='bbox 1062 1045 1191 1125; x_wconf 89' lang='lat' dir='ltr'><strong>absque</strong></span> <span class='ocrx_word' id='word_1_50' title='bbox 1215 1042 1319 1106; x_wconf 89' lang='lat' dir='ltr'><strong>ullius</strong></span> 
     </span>
     <span class='ocr_line' id='line_1_8' title="bbox 271 1142 1320 1209; baseline -0.002 -1"><span class='ocrx_word' id='word_1_51' title='bbox 271 1145 515 1209; x_wconf 82' lang='lat' dir='ltr'><strong>reclamatione</strong></span> <span class='ocrx_word' id='word_1_52' title='bbox 556 1145 613 1208; x_wconf 91' lang='lat' dir='ltr'><strong>uel</strong></span> <span class='ocrx_word' id='word_1_53' title='bbox 654 1144 923 1209; x_wconf 88' lang='lat' dir='ltr'><strong>contradictione</strong></span> <span class='ocrx_word' id='word_1_54' title='bbox 954 1145 1023 1208; x_wconf 88' lang='lat' dir='ltr'><strong>ista</strong></span> <span class='ocrx_word' id='word_1_55' title='bbox 1064 1142 1191 1206; x_wconf 84' lang='lat' dir='ltr'><strong>addidi.</strong></span> <span class='ocrx_word' id='word_1_56' title='bbox 1262 1142 1320 1206; x_wconf 90' lang='lat' dir='ltr'><strong>In-</strong></span> 
     </span>
     <span class='ocr_line' id='line_1_9' title="bbox 271 1243 1322 1331; baseline -0.003 -23"><span class='ocrx_word' id='word_1_57' title='bbox 271 1246 388 1328; x_wconf 85' lang='lat' dir='ltr'><strong>primis</strong></span> <span class='ocrx_word' id='word_1_58' title='bbox 406 1244 439 1307; x_wconf 90' lang='grc' dir='ltr'><strong>Κ</strong></span> <span class='ocrx_word' id='word_1_59' title='bbox 443 1245 599 1326; x_wconf 91' lang='lat' dir='ltr'><strong>ingested</strong></span> <span class='ocrx_word' id='word_1_60' title='bbox 622 1264 700 1308; x_wconf 89' lang='lat' dir='ltr'><strong>cum</strong></span> <span class='ocrx_word' id='word_1_61' title='bbox 720 1245 877 1309; x_wconf 89' lang='lat' dir='ltr'><strong>omnibus</strong></span> <span class='ocrx_word' id='word_1_62' title='bbox 894 1244 937 1308; x_wconf 89' lang='lat' dir='ltr'><strong>ad</strong></span> <span class='ocrx_word' id='word_1_63' title='bbox 953 1264 991 1308; x_wconf 90' lang='lat' dir='ltr'><strong>se</strong></span> <span class='ocrx_word' id='word_1_64' title='bbox 1007 1243 1269 1331; x_wconf 73' lang='lat' dir='ltr'><strong>pertinentibus</strong></span> <span class='ocrx_word' id='word_1_65' title='bbox 1286 1250 1322 1306; x_wconf 93' lang='lat' dir='ltr'><strong>et</strong></span> 
     </span>
     <span class='ocr_line' id='line_1_10' title="bbox 269 1342 1322 1428; baseline -0.003 -20"><span class='ocrx_word' id='word_1_66' title='bbox 269 1364 347 1408; x_wconf 90' lang='lat' dir='ltr'><strong>cum</strong></span> <span class='ocrx_word' id='word_1_67' title='bbox 369 1345 462 1409; x_wconf 94' lang='lat' dir='ltr'><strong>omni</strong></span> <span class='ocrx_word' id='word_1_68' title='bbox 480 1346 585 1409; x_wconf 88' lang='lat' dir='ltr'><strong>maris</strong></span> <span class='ocrx_word' id='word_1_69' title='bbox 602 1344 725 1421; x_wconf 91' lang='lat' dir='ltr'><strong>eiectu,</strong></span> <span class='ocrx_word' id='word_1_70' title='bbox 741 1345 833 1428; x_wconf 92' lang='lat' dir='ltr'><strong>quod</strong></span> <span class='ocrx_word' id='word_1_71' title='bbox 851 1345 1019 1427; x_wconf 90' lang='lat' dir='ltr'><strong>shipwrec</strong></span> <span class='ocrx_word' id='word_1_72' title='bbox 1040 1342 1268 1426; x_wconf 88' lang='lat' dir='ltr'><strong>appellamus,</strong></span> <span class='ocrx_word' id='word_1_73' title='bbox 1286 1351 1322 1406; x_wconf 92' lang='lat' dir='ltr'><strong>et</strong></span> 
     </span>
     <span class='ocr_line' id='line_1_11' title="bbox 268 1442 1321 1527; baseline -0.005 -17"><span class='ocrx_word' id='word_1_74' title='bbox 268 1445 569 1527; x_wconf 89' lang='lat' dir='ltr'><strong>Wynebodesbam</strong></span> <span class='ocrx_word' id='word_1_75' title='bbox 586 1465 664 1509; x_wconf 92' lang='lat' dir='ltr'><strong>cum</strong></span> <span class='ocrx_word' id='word_1_76' title='bbox 686 1445 862 1509; x_wconf 89' lang='lat' dir='ltr'><strong>hundredo</strong></span> <span class='ocrx_word' id='word_1_77' title='bbox 885 1452 920 1508; x_wconf 93' lang='lat' dir='ltr'><strong>et</strong></span> <span class='ocrx_word' id='word_1_78' title='bbox 945 1443 1085 1508; x_wconf 89' lang='lat' dir='ltr'><strong>dimidio</strong></span> <span class='ocrx_word' id='word_1_79' title='bbox 1108 1442 1199 1507; x_wconf 89' lang='lat' dir='ltr'><strong>infra</strong></span> <span class='ocrx_word' id='word_1_80' title='bbox 1216 1443 1321 1507; x_wconf 91' lang='lat' dir='ltr'><strong>Bich·</strong></span> 
     </span>
     <span class='ocr_line' id='line_1_12' title="bbox 269 1543 1319 1625; baseline -0.004 -16"><span class='ocrx_word' id='word_1_81' title='bbox 269 1545 417 1620; x_wconf 91' lang='lat' dir='ltr'><strong>amdich,</strong></span> <span class='ocrx_word' id='word_1_82' title='bbox 440 1553 568 1609; x_wconf 91' lang='lat' dir='ltr'><strong>etcum</strong></span> <span class='ocrx_word' id='word_1_83' title='bbox 586 1561 697 1609; x_wconf 81' lang='lat' dir='ltr'><strong>.nx1V.</strong></span> <span class='ocrx_word' id='word_1_84' title='bbox 716 1546 911 1609; x_wconf 91' lang='lat' dir='ltr'><strong>socmannis</strong></span> <span class='ocrx_word' id='word_1_85' title='bbox 934 1544 977 1608; x_wconf 91' lang='lat' dir='ltr'><strong>ad</strong></span> <span class='ocrx_word' id='word_1_86' title='bbox 1004 1543 1217 1608; x_wconf 87' lang='lat' dir='ltr'><strong>hundredum</strong></span> <span class='ocrx_word' id='word_1_87' title='bbox 1244 1564 1319 1625; x_wconf 91' lang='lat' dir='ltr'><strong>per-</strong></span> 
     </span>
     <span class='ocr_line' id='line_1_13' title="bbox 268 1643 1318 1725; baseline -0.001 -16"><span class='ocrx_word' id='word_1_88' title='bbox 268 1644 467 1722; x_wconf 68' lang='lat' dir='ltr'><strong>tinentibus</strong></span> <span class='ocrx_word' id='word_1_89' title='bbox 483 1652 611 1709; x_wconf 90' lang='lat' dir='ltr'><strong>etcum</strong></span> <span class='ocrx_word' id='word_1_90' title='bbox 628 1644 702 1708; x_wconf 84' lang='lat' dir='ltr'><strong>foro</strong></span> <span class='ocrx_word' id='word_1_91' title='bbox 719 1645 762 1709; x_wconf 92' lang='lat' dir='ltr'><strong>de</strong></span> <span class='ocrx_word' id='word_1_92' title='bbox 779 1645 938 1708; x_wconf 89' lang='lat' dir='ltr'><strong>Bunham</strong></span> <span class='ocrx_word' id='word_1_93' title='bbox 954 1644 999 1707; x_wconf 91' lang='lat' dir='ltr'><strong>ad</strong></span> <span class='ocrx_word' id='word_1_94' title='bbox 1014 1643 1318 1725; x_wconf 89' lang='lat' dir='ltr'><strong>Wynebodesbam</strong></span> 
     </span>
     <span class='ocr_line' id='line_1_14' title="bbox 265 1744 1318 1827; baseline 0.001 -21"><span class='ocrx_word' id='word_1_95' title='bbox 265 1746 470 1827; x_wconf 88' lang='lat' dir='ltr'><strong>pertinente.</strong></span> <span class='ocrx_word' id='word_1_96' title='bbox 524 1745 738 1809; x_wconf 83' lang='lat' dir='ltr'><strong>Relaxamus</strong></span> <span class='ocrx_word' id='word_1_97' title='bbox 755 1745 862 1826; x_wconf 87' lang='lat' dir='ltr'><strong>igitur</strong></span> <span class='ocrx_word' id='word_1_98' title='bbox 876 1745 952 1808; x_wconf 90' lang='lat' dir='ltr'><strong>istis</strong></span> <span class='ocrx_word' id='word_1_99' title='bbox 967 1752 1003 1808; x_wconf 91' lang='lat' dir='ltr'><strong>et</strong></span> <span class='ocrx_word' id='word_1_100' title='bbox 1020 1744 1176 1809; x_wconf 90' lang='lat' dir='ltr'><strong>omnibus</strong></span> <span class='ocrx_word' id='word_1_101' title='bbox 1194 1763 1318 1825; x_wconf 91' lang='lat' dir='ltr'><strong>supra-</strong></span> 
     </span>
     <span class='ocr_line' id='line_1_15' title="bbox 267 1844 1318 1920; baseline 0 -13"><span class='ocrx_word' id='word_1_102' title='bbox 267 1844 451 1908; x_wconf 90' lang='lat' dir='ltr'><strong>nominatis</strong></span> <span class='ocrx_word' id='word_1_103' title='bbox 482 1846 595 1920; x_wconf 89' lang='lat' dir='ltr'><strong>terris,</strong></span> <span class='ocrx_word' id='word_1_104' title='bbox 619 1845 882 1909; x_wconf 89' lang='lat' dir='ltr'><strong>consuetudines</strong></span> <span class='ocrx_word' id='word_1_105' title='bbox 910 1864 1028 1909; x_wconf 90' lang='lat' dir='ltr'><strong>omnes</strong></span> <span class='ocrx_word' id='word_1_106' title='bbox 1053 1852 1090 1908; x_wconf 91' lang='lat' dir='ltr'><strong>et</strong></span> <span class='ocrx_word' id='word_1_107' title='bbox 1116 1845 1318 1908; x_wconf 88' lang='lat' dir='ltr'><strong>exactiones</strong></span> 
     </span>
     <span class='ocr_line' id='line_1_16' title="bbox 265 1943 1317 2027; baseline 0.001 -21"><span class='ocrx_word' id='word_1_108' title='bbox 265 1943 432 2025; x_wconf 89' lang='lat' dir='ltr'><strong>regalium</strong></span> <span class='ocrx_word' id='word_1_109' title='bbox 456 1952 491 2008; x_wconf 91' lang='lat' dir='ltr'><strong>et</strong></span> <span class='ocrx_word' id='word_1_110' title='bbox 518 1945 765 2027; x_wconf 89' lang='lat' dir='ltr'><strong>episcopalium</strong></span> <span class='ocrx_word' id='word_1_111' title='bbox 787 1945 1020 2009; x_wconf 89' lang='lat' dir='ltr'><strong>ministrorum</strong></span> <span class='ocrx_word' id='word_1_112' title='bbox 1046 1945 1137 2008; x_wconf 87' lang='lat' dir='ltr'><strong>sicut</strong></span> <span class='ocrx_word' id='word_1_113' title='bbox 1161 1951 1317 2009; x_wconf 87' lang='lat' dir='ltr'><strong>anteces-</strong></span> 
     </span>
     <span class='ocr_line' id='line_1_17' title="bbox 265 2044 1317 2127; baseline -0.002 -19"><span class='ocrx_word' id='word_1_114' title='bbox 265 2063 361 2108; x_wconf 87' lang='lat' dir='ltr'><strong>sores</strong></span> <span class='ocrx_word' id='word_1_115' title='bbox 385 2045 452 2108; x_wconf 91' lang='lat' dir='ltr'><strong>mei</strong></span> <span class='ocrx_word' id='word_1_116' title='bbox 479 2064 578 2126; x_wconf 90' lang='lat' dir='ltr'><strong>reges</strong></span> <span class='ocrx_word' id='word_1_117' title='bbox 602 2046 713 2127; x_wconf 89' lang='lat' dir='ltr'><strong>primo</strong></span> <span class='ocrx_word' id='word_1_118' title='bbox 740 2044 903 2121; x_wconf 86' lang='lat' dir='ltr'><strong>fecerunt,</strong></span> <span class='ocrx_word' id='word_1_119' title='bbox 932 2051 972 2108; x_wconf 93' lang='lat' dir='ltr'><strong>ut</strong></span> <span class='ocrx_word' id='word_1_120' title='bbox 999 2045 1101 2108; x_wconf 89' lang='lat' dir='ltr'><strong>nullis</strong></span> <span class='ocrx_word' id='word_1_121' title='bbox 1127 2052 1317 2126; x_wconf 78' lang='lat' dir='ltr'><strong>gradentur</strong></span> 
     </span>
    </p>
   </div>
   <div class='ocr_carea' id='block_1_3' title="bbox 264 2144 1411 2229">
    <p class='ocr_par' dir='ltr' id='par_1_3' title="bbox 264 2144 1411 2229">
     <span class='ocr_line' id='line_1_18' title="bbox 264 2144 1411 2229; baseline 0 -21"><span class='ocrx_word' id='word_1_122' title='bbox 264 2144 424 2208; x_wconf 89' lang='lat' dir='ltr'><strong>oneribus</strong></span> <span class='ocrx_word' id='word_1_123' title='bbox 456 2145 714 2226; x_wconf 85' lang='lat' dir='ltr'><strong>expeditionum</strong></span> <span class='ocrx_word' id='word_1_124' title='bbox 747 2164 810 2209; x_wconf 93' lang='lat' dir='ltr'><strong>nee</strong></span> <span class='ocrx_word' id='word_1_125' title='bbox 841 2146 996 2227; x_wconf 91' lang='lat' dir='ltr'><strong>pontium</strong></span> <span class='ocrx_word' id='word_1_126' title='bbox 1029 2164 1093 2209; x_wconf 90' lang='lat' dir='ltr'><strong>nec</strong></span> <span class='ocrx_word' id='word_1_127' title='bbox 1123 2153 1314 2208; x_wconf 88' lang='lat' dir='ltr'><strong>castrorum</strong></span> <span class='ocrx_word' id='word_1_128' title='bbox 1406 2219 1411 2229; x_wconf 28' lang='grc' dir='ltr'><strong><em>ι</em></strong></span> 
     </span>
    </p>
   </div>
   <div class='ocr_carea' id='block_1_4' title="bbox 253 2243 1316 4231">
    <p class='ocr_par' dir='ltr' id='par_1_4' title="bbox 253 2243 1316 4231">
     <span class='ocr_line' id='line_1_19' title="bbox 263 2243 1316 2328; baseline 0.003 -22"><span class='ocrx_word' id='word_1_129' title='bbox 263 2243 502 2321; x_wconf 84' lang='lat' dir='ltr'><strong>restructione,</strong></span> <span class='ocrx_word' id='word_1_130' title='bbox 520 2264 581 2307; x_wconf 90' lang='lat' dir='ltr'><strong>nec</strong></span> <span class='ocrx_word' id='word_1_131' title='bbox 595 2244 680 2308; x_wconf 83' lang='lat' dir='ltr'><strong>suris</strong></span> <span class='ocrx_word' id='word_1_132' title='bbox 699 2245 971 2328; x_wconf 91' lang='lat' dir='ltr'><strong>apprehensione</strong></span> <span class='ocrx_word' id='word_1_133' title='bbox 984 2251 1020 2308; x_wconf 90' lang='lat' dir='ltr'><strong>et</strong></span> <span class='ocrx_word' id='word_1_134' title='bbox 1038 2245 1232 2321; x_wconf 88' lang='lat' dir='ltr'><strong>emissione,</strong></span> <span class='ocrx_word' id='word_1_135' title='bbox 1251 2265 1316 2309; x_wconf 89' lang='lat' dir='ltr'><strong>nec</strong></span> 
     </span>
     <span class='ocr_line' id='line_1_20' title="bbox 264 2344 1313 2427; baseline 0 -19"><span class='ocrx_word' id='word_1_136' title='bbox 264 2344 442 2424; x_wconf 82' lang='lat' dir='ltr'><strong>sanguinis</strong></span> <span class='ocrx_word' id='word_1_137' title='bbox 470 2344 646 2421; x_wconf 86' lang='lat' dir='ltr'><strong>effusione,</strong></span> <span class='ocrx_word' id='word_1_138' title='bbox 664 2353 700 2408; x_wconf 91' lang='lat' dir='ltr'><strong>et</strong></span> <span class='ocrx_word' id='word_1_139' title='bbox 727 2347 842 2410; x_wconf 87' lang='lat' dir='ltr'><strong>omnia</strong></span> <span class='ocrx_word' id='word_1_140' title='bbox 867 2365 958 2427; x_wconf 89' lang='lat' dir='ltr'><strong>quae</strong></span> <span class='ocrx_word' id='word_1_141' title='bbox 988 2345 1032 2409; x_wconf 90' lang='lat' dir='ltr'><strong>ad</strong></span> <span class='ocrx_word' id='word_1_142' title='bbox 1060 2344 1174 2409; x_wconf 91' lang='lat' dir='ltr'><strong>locum</strong></span> <span class='ocrx_word' id='word_1_143' title='bbox 1200 2347 1313 2427; x_wconf 88' lang='lat' dir='ltr'><strong>ipsum</strong></span> 
     </span>
     <span class='ocr_line' id='line_1_21' title="bbox 263 2443 1314 2525; baseline 0.002 -19"><span class='ocrx_word' id='word_1_144' title='bbox 263 2443 436 2525; x_wconf 89' lang='lat' dir='ltr'><strong>pertinent</strong></span> <span class='ocrx_word' id='word_1_145' title='bbox 453 2445 523 2508; x_wconf 88' lang='lat' dir='ltr'><strong>sint</strong></span> <span class='ocrx_word' id='word_1_146' title='bbox 539 2445 678 2509; x_wconf 90' lang='lat' dir='ltr'><strong>omnino</strong></span> <span class='ocrx_word' id='word_1_147' title='bbox 698 2446 818 2524; x_wconf 87' lang='lat' dir='ltr'><strong>libera,</strong></span> <span class='ocrx_word' id='word_1_148' title='bbox 836 2445 956 2524; x_wconf 88' lang='lat' dir='ltr'><strong>cellae,</strong></span> <span class='ocrx_word' id='word_1_149' title='bbox 974 2445 1173 2522; x_wconf 89' lang='lat' dir='ltr'><strong>aecclesiae,</strong></span> <span class='ocrx_word' id='word_1_150' title='bbox 1187 2447 1314 2509; x_wconf 91' lang='lat' dir='ltr'><strong>coemi-</strong></span> 
     </span>
     <span class='ocr_line' id='line_1_22' title="bbox 263 2544 1315 2629; baseline 0.002 -21"><span class='ocrx_word' id='word_1_151' title='bbox 263 2544 362 2619; x_wconf 88' lang='lat' dir='ltr'><strong>teria,</strong></span> <span class='ocrx_word' id='word_1_152' title='bbox 378 2551 502 2620; x_wconf 90' lang='lat' dir='ltr'><strong>terrae,</strong></span> <span class='ocrx_word' id='word_1_153' title='bbox 519 2563 662 2626; x_wconf 90' lang='lat' dir='ltr'><strong>pascua,</strong></span> <span class='ocrx_word' id='word_1_154' title='bbox 680 2545 801 2623; x_wconf 88' lang='lat' dir='ltr'><strong>siluae,</strong></span> <span class='ocrx_word' id='word_1_155' title='bbox 824 2547 1037 2622; x_wconf 89' lang='lat' dir='ltr'><strong>uenationes,</strong></span> <span class='ocrx_word' id='word_1_156' title='bbox 1060 2565 1184 2628; x_wconf 87' lang='lat' dir='ltr'><strong>aquae,</strong></span> <span class='ocrx_word' id='word_1_157' title='bbox 1201 2547 1315 2629; x_wconf 87' lang='lat' dir='ltr'><strong>pisca-</strong></span> 
     </span>
     <span class='ocr_line' id='line_1_23' title="bbox 263 2644 1315 2724; baseline 0.004 -17"><span class='ocrx_word' id='word_1_158' title='bbox 263 2644 385 2720; x_wconf 91' lang='lat' dir='ltr'><strong>tiones,</strong></span> <span class='ocrx_word' id='word_1_159' title='bbox 409 2663 486 2706; x_wconf 94' lang='lat' dir='ltr'><strong>cum</strong></span> <span class='ocrx_word' id='word_1_160' title='bbox 509 2644 711 2721; x_wconf 68' lang='lat' dir='ltr'><strong>redditibus</strong></span> <span class='ocrx_word' id='word_1_161' title='bbox 731 2646 895 2724; x_wconf 87' lang='lat' dir='ltr'><strong>seruitiis,</strong></span> <span class='ocrx_word' id='word_1_162' title='bbox 911 2646 1048 2723; x_wconf 91' lang='lat' dir='ltr'><strong>debitis,</strong></span> <span class='ocrx_word' id='word_1_163' title='bbox 1070 2646 1315 2724; x_wconf 66' lang='lat' dir='ltr'><strong>oblationibus</strong></span> 
     </span>
     <span class='ocr_line' id='line_1_24' title="bbox 262 2744 1313 2829; baseline 0.003 -22"><span class='ocrx_word' id='word_1_164' title='bbox 262 2744 500 2820; x_wconf 67' lang='lat' dir='ltr'><strong>luminaribus</strong></span> <span class='ocrx_word' id='word_1_165' title='bbox 527 2744 680 2822; x_wconf 88' lang='lat' dir='ltr'><strong>decimis,</strong></span> <span class='ocrx_word' id='word_1_166' title='bbox 703 2745 867 2823; x_wconf 90' lang='lat' dir='ltr'><strong>donariis,</strong></span> <span class='ocrx_word' id='word_1_167' title='bbox 890 2766 995 2810; x_wconf 92' lang='lat' dir='ltr'><strong>censu</strong></span> <span class='ocrx_word' id='word_1_168' title='bbox 1018 2746 1313 2829; x_wconf 88' lang='lat' dir='ltr'><strong>morthidis,legi-</strong></span> 
     </span>
     <span class='ocr_line' id='line_1_25' title="bbox 260 2844 1312 2923; baseline 0.004 -16"><span class='ocrx_word' id='word_1_169' title='bbox 260 2844 337 2920; x_wconf 92' lang='lat' dir='ltr'><strong>bus,</strong></span> <span class='ocrx_word' id='word_1_170' title='bbox 355 2844 673 2922; x_wconf 89' lang='lat' dir='ltr'><strong>consuetudinibus,</strong></span> <span class='ocrx_word' id='word_1_171' title='bbox 691 2864 872 2909; x_wconf 90' lang='lat' dir='ltr'><strong>causarum</strong></span> <span class='ocrx_word' id='word_1_172' title='bbox 895 2847 1177 2923; x_wconf 65' lang='lat' dir='ltr'><strong>discussionibus</strong></span> <span class='ocrx_word' id='word_1_173' title='bbox 1196 2867 1312 2911; x_wconf 91' lang='lat' dir='ltr'><strong>emen·</strong></span> 
     </span>
     <span class='ocr_line' id='line_1_26' title="bbox 260 2943 1313 3019; baseline 0.005 -12"><span class='ocrx_word' id='word_1_174' title='bbox 260 2944 457 3008; x_wconf 90' lang='lat' dir='ltr'><strong>dationibus</strong></span> <span class='ocrx_word' id='word_1_175' title='bbox 490 2943 565 3007; x_wconf 89' lang='lat' dir='ltr'><strong>siue</strong></span> <span class='ocrx_word' id='word_1_176' title='bbox 597 2944 863 3010; x_wconf 87' lang='lat' dir='ltr'><strong>aecclesiasticis</strong></span> <span class='ocrx_word' id='word_1_177' title='bbox 895 2946 970 3010; x_wconf 90' lang='lat' dir='ltr'><strong>siue</strong></span> <span class='ocrx_word' id='word_1_178' title='bbox 999 2946 1247 3019; x_wconf 86' lang='lat' dir='ltr'><strong>saecularibus,</strong></span> <span class='ocrx_word' id='word_1_179' title='bbox 1277 2957 1313 3012; x_wconf 91' lang='lat' dir='ltr'><strong>et</strong></span> 
     </span>
     <span class='ocr_line' id='line_1_27' title="bbox 260 3044 1311 3130; baseline 0.006 -23"><span class='ocrx_word' id='word_1_180' title='bbox 260 3064 337 3107; x_wconf 92' lang='lat' dir='ltr'><strong>cum</strong></span> <span class='ocrx_word' id='word_1_181' title='bbox 360 3044 518 3108; x_wconf 91' lang='lat' dir='ltr'><strong>omnibus</strong></span> <span class='ocrx_word' id='word_1_182' title='bbox 537 3064 762 3128; x_wconf 88' lang='lat' dir='ltr'><strong>quaecunque</strong></span> <span class='ocrx_word' id='word_1_183' title='bbox 791 3046 896 3110; x_wconf 88' lang='lat' dir='ltr'><strong>maris</strong></span> <span class='ocrx_word' id='word_1_184' title='bbox 923 3046 1122 3129; x_wconf 90' lang='lat' dir='ltr'><strong>procellosis</strong></span> <span class='ocrx_word' id='word_1_185' title='bbox 1147 3053 1311 3130; x_wconf 90' lang='lat' dir='ltr'><strong>tempest-</strong></span> 
     </span>
     <span class='ocr_line' id='line_1_28' title="bbox 261 3144 1312 3227; baseline 0.005 -20"><span class='ocrx_word' id='word_1_186' title='bbox 261 3145 386 3219; x_wconf 90' lang='lat' dir='ltr'><strong>atibus,</strong></span> <span class='ocrx_word' id='word_1_187' title='bbox 404 3144 440 3206; x_wconf 93' lang='lat' dir='ltr'><strong>in</strong></span> <span class='ocrx_word' id='word_1_188' title='bbox 466 3163 589 3227; x_wconf 90' lang='lat' dir='ltr'><strong>aquam</strong></span> <span class='ocrx_word' id='word_1_189' title='bbox 615 3145 672 3209; x_wconf 91' lang='lat' dir='ltr'><strong>uel</strong></span> <span class='ocrx_word' id='word_1_190' title='bbox 694 3145 730 3209; x_wconf 94' lang='lat' dir='ltr'><strong>in</strong></span> <span class='ocrx_word' id='word_1_191' title='bbox 753 3153 880 3210; x_wconf 88' lang='lat' dir='ltr'><strong>terram</strong></span> <span class='ocrx_word' id='word_1_192' title='bbox 906 3166 1022 3210; x_wconf 89' lang='lat' dir='ltr'><strong>eornm</strong></span> <span class='ocrx_word' id='word_1_193' title='bbox 1046 3147 1156 3211; x_wconf 89' lang='lat' dir='ltr'><strong>eiecta</strong></span> <span class='ocrx_word' id='word_1_194' title='bbox 1170 3146 1312 3225; x_wconf 83' lang='lat' dir='ltr'><strong>suerint,</strong></span> 
     </span>
     <span class='ocr_line' id='line_1_29' title="bbox 261 3241 1312 3329; baseline 0.006 -22"><span class='ocrx_word' id='word_1_195' title='bbox 261 3245 352 3328; x_wconf 92' lang='lat' dir='ltr'><strong>quod</strong></span> <span class='ocrx_word' id='word_1_196' title='bbox 369 3241 517 3326; x_wconf 87' lang='lat' dir='ltr'><strong>Anglice</strong></span> <span class='ocrx_word' id='word_1_197' title='bbox 539 3245 731 3328; x_wconf 87' lang='lat' dir='ltr'><strong>shipwrech</strong></span> <span class='ocrx_word' id='word_1_198' title='bbox 748 3247 1004 3329; x_wconf 89' lang='lat' dir='ltr'><strong>promulgatum</strong></span> <span class='ocrx_word' id='word_1_199' title='bbox 1020 3254 1073 3311; x_wconf 91' lang='lat' dir='ltr'><strong>est</strong></span> <span class='ocrx_word' id='word_1_200' title='bbox 1089 3255 1262 3325; x_wconf 89' lang='lat' dir='ltr'><strong>onomate,</strong></span> <span class='ocrx_word' id='word_1_201' title='bbox 1277 3257 1312 3313; x_wconf 92' lang='lat' dir='ltr'><strong>et</strong></span> 
     </span>
     <span class='ocr_line' id='line_1_30' title="bbox 260 3344 1310 3430; baseline 0.003 -21"><span class='ocrx_word' id='word_1_202' title='bbox 260 3344 417 3409; x_wconf 90' lang='lat' dir='ltr'><strong>omnibus</strong></span> <span class='ocrx_word' id='word_1_203' title='bbox 446 3364 670 3428; x_wconf 87' lang='lat' dir='ltr'><strong>quaecunque</strong></span> <span class='ocrx_word' id='word_1_204' title='bbox 697 3348 835 3430; x_wconf 88' lang='lat' dir='ltr'><strong>seriptis</strong></span> <span class='ocrx_word' id='word_1_205' title='bbox 862 3353 898 3412; x_wconf 90' lang='lat' dir='ltr'><strong>et</strong></span> <span class='ocrx_word' id='word_1_206' title='bbox 921 3347 1119 3411; x_wconf 88' lang='lat' dir='ltr'><strong>testimonio</strong></span> <span class='ocrx_word' id='word_1_207' title='bbox 1143 3348 1310 3412; x_wconf 90' lang='lat' dir='ltr'><strong>bonorum</strong></span> 
     </span>
     <span class='ocr_line' id='line_1_31' title="bbox 258 3444 1310 3530; baseline 0.007 -23"><span class='ocrx_word' id='word_1_208' title='bbox 258 3444 432 3510; x_wconf 91' lang='lat' dir='ltr'><strong>hominum</strong></span> <span class='ocrx_word' id='word_1_209' title='bbox 460 3446 681 3510; x_wconf 87' lang='lat' dir='ltr'><strong>rememorari</strong></span> <span class='ocrx_word' id='word_1_210' title='bbox 703 3449 888 3529; x_wconf 88' lang='lat' dir='ltr'><strong>potuerint,</strong></span> <span class='ocrx_word' id='word_1_211' title='bbox 910 3466 998 3530; x_wconf 88' lang='lat' dir='ltr'><strong>quae</strong></span> <span class='ocrx_word' id='word_1_212' title='bbox 1021 3466 1044 3510; x_wconf 87' lang='lat' dir='ltr'><strong>a</strong></span> <span class='ocrx_word' id='word_1_213' title='bbox 1065 3447 1204 3529; x_wconf 91' lang='lat' dir='ltr'><strong>regibus</strong></span> <span class='ocrx_word' id='word_1_214' title='bbox 1227 3468 1310 3513; x_wconf 92' lang='lat' dir='ltr'><strong>con-</strong></span> 
     </span>
     <span class='ocr_line' id='line_1_32' title="bbox 259 3544 1311 3622; baseline 0.004 -12"><span class='ocrx_word' id='word_1_215' title='bbox 259 3564 356 3610; x_wconf 89' lang='lat' dir='ltr'><strong>cessa</strong></span> <span class='ocrx_word' id='word_1_216' title='bbox 384 3544 439 3611; x_wconf 80' lang='lat' dir='ltr'><strong>uel</strong></span> <span class='ocrx_word' id='word_1_217' title='bbox 470 3546 687 3609; x_wconf 90' lang='lat' dir='ltr'><strong>concedenda</strong></span> <span class='ocrx_word' id='word_1_218' title='bbox 713 3559 813 3622; x_wconf 79' lang='lat' dir='ltr'><strong>sunt3</strong></span> <span class='ocrx_word' id='word_1_219' title='bbox 839 3555 874 3611; x_wconf 89' lang='lat' dir='ltr'><strong>et</strong></span> <span class='ocrx_word' id='word_1_220' title='bbox 899 3547 1015 3611; x_wconf 89' lang='lat' dir='ltr'><strong>nullus</strong></span> <span class='ocrx_word' id='word_1_221' title='bbox 1037 3567 1082 3610; x_wconf 86' lang='lat' dir='ltr'><strong>ex</strong></span> <span class='ocrx_word' id='word_1_222' title='bbox 1102 3548 1145 3611; x_wconf 90' lang='lat' dir='ltr'><strong>iis</strong></span> <span class='ocrx_word' id='word_1_223' title='bbox 1173 3550 1311 3614; x_wconf 88' lang='lat' dir='ltr'><strong>subtra-</strong></span> 
     </span>
     <span class='ocr_line' id='line_1_33' title="bbox 257 3644 1309 3730; baseline 0.004 -20"><span class='ocrx_word' id='word_1_224' title='bbox 257 3646 337 3711; x_wconf 90' lang='lat' dir='ltr'><strong>here</strong></span> <span class='ocrx_word' id='word_1_225' title='bbox 359 3644 415 3708; x_wconf 92' lang='lat' dir='ltr'><strong>uel</strong></span> <span class='ocrx_word' id='word_1_226' title='bbox 438 3645 626 3709; x_wconf 90' lang='lat' dir='ltr'><strong>diminuere</strong></span> <span class='ocrx_word' id='word_1_227' title='bbox 649 3654 711 3710; x_wconf 89' lang='lat' dir='ltr'><strong>aut</strong></span> <span class='ocrx_word' id='word_1_228' title='bbox 734 3647 931 3730; x_wconf 82' lang='lat' dir='ltr'><strong>dispergere</strong></span> <span class='ocrx_word' id='word_1_229' title='bbox 956 3647 1111 3730; x_wconf 90' lang='lat' dir='ltr'><strong>qualibet</strong></span> <span class='ocrx_word' id='word_1_230' title='bbox 1128 3649 1309 3714; x_wconf 88' lang='lat' dir='ltr'><strong>occasione</strong></span> 
     </span>
     <span class='ocr_line' id='line_1_34' title="bbox 256 3743 1308 3828; baseline 0.003 -16"><span class='ocrx_word' id='word_1_231' title='bbox 256 3744 381 3812; x_wconf 91' lang='lat' dir='ltr'><strong>iudicio</strong></span> <span class='ocrx_word' id='word_1_232' title='bbox 404 3743 459 3808; x_wconf 93' lang='lat' dir='ltr'><strong>uel</strong></span> <span class='ocrx_word' id='word_1_233' title='bbox 486 3752 660 3827; x_wconf 89' lang='lat' dir='ltr'><strong>potestate</strong></span> <span class='ocrx_word' id='word_1_234' title='bbox 689 3756 895 3828; x_wconf 88' lang='lat' dir='ltr'><strong>praesumat</strong></span> <span class='ocrx_word' id='word_1_235' title='bbox 950 3747 1173 3812; x_wconf 65' lang='lat' dir='ltr'><strong>fflnouamus</strong></span> <span class='ocrx_word' id='word_1_236' title='bbox 1202 3749 1308 3814; x_wconf 90' lang='lat' dir='ltr'><strong>etiam</strong></span> 
     </span>
     <span class='ocr_line' id='line_1_35' title="bbox 255 3844 1309 3932; baseline 0.003 -20"><span class='ocrx_word' id='word_1_237' title='bbox 255 3855 290 3912; x_wconf 91' lang='lat' dir='ltr'><strong>et</strong></span> <span class='ocrx_word' id='word_1_238' title='bbox 314 3844 556 3911; x_wconf 89' lang='lat' dir='ltr'><strong>confirmamus</strong></span> <span class='ocrx_word' id='word_1_239' title='bbox 586 3846 770 3928; x_wconf 89' lang='lat' dir='ltr'><strong>priuilegia</strong></span> <span class='ocrx_word' id='word_1_240' title='bbox 801 3848 1021 3930; x_wconf 90' lang='lat' dir='ltr'><strong>antiquorum</strong></span> <span class='ocrx_word' id='word_1_241' title='bbox 1049 3867 1169 3930; x_wconf 87' lang='lat' dir='ltr'><strong>regum</strong></span> <span class='ocrx_word' id='word_1_242' title='bbox 1201 3856 1309 3932; x_wconf 86' lang='lat' dir='ltr'><strong>atque</strong></span> 
     </span>
     <span class='ocr_line' id='line_1_36' title="bbox 255 3945 1309 4030; baseline 0.002 -17"><span class='ocrx_word' id='word_1_243' title='bbox 255 3949 299 4014; x_wconf 95' lang='lat' dir='ltr'><strong>ob</strong></span> <span class='ocrx_word' id='word_1_244' title='bbox 326 3945 552 4011; x_wconf 87' lang='lat' dir='ltr'><strong>reuerentiam</strong></span> <span class='ocrx_word' id='word_1_245' title='bbox 582 3945 740 4010; x_wconf 90' lang='lat' dir='ltr'><strong>dominae</strong></span> <span class='ocrx_word' id='word_1_246' title='bbox 775 3956 914 4012; x_wconf 88' lang='lat' dir='ltr'><strong>nostrae</strong></span> <span class='ocrx_word' id='word_1_247' title='bbox 945 3955 1132 4030; x_wconf 88' lang='lat' dir='ltr'><strong>perpetuae</strong></span> <span class='ocrx_word' id='word_1_248' title='bbox 1162 3949 1309 4030; x_wconf 87' lang='lat' dir='ltr'><strong>uirginis</strong></span> 
     </span>
     <span class='ocr_line' id='line_1_37' title="bbox 257 4046 1308 4131; baseline 0 -17"><span class='ocrx_word' id='word_1_249' title='bbox 257 4048 391 4115; x_wconf 90' lang='lat' dir='ltr'><strong>Mariae</strong></span> <span class='ocrx_word' id='word_1_250' title='bbox 416 4047 594 4127; x_wconf 89' lang='lat' dir='ltr'><strong>sanctique</strong></span> <span class='ocrx_word' id='word_1_251' title='bbox 613 4046 793 4111; x_wconf 89' lang='lat' dir='ltr'><strong>Benedicti</strong></span> <span class='ocrx_word' id='word_1_252' title='bbox 823 4056 1090 4131; x_wconf 85' lang='lat' dir='ltr'><strong>sanctarumque</strong></span> <span class='ocrx_word' id='word_1_253' title='bbox 1121 4048 1308 4130; x_wconf 91' lang='lat' dir='ltr'><strong>uirginum,</strong></span> 
     </span>
     <span class='ocr_line' id='line_1_38' title="bbox 253 4143 1309 4231; baseline 0 -16"><span class='ocrx_word' id='word_1_254' title='bbox 253 4149 478 4229; x_wconf 90' lang='lat' dir='ltr'><strong>omnibusque</strong></span> <span class='ocrx_word' id='word_1_255' title='bbox 503 4143 626 4211; x_wconf 82' lang='lat' dir='ltr'><strong>suturis</strong></span> <span class='ocrx_word' id='word_1_256' title='bbox 656 4147 781 4210; x_wconf 91' lang='lat' dir='ltr'><strong>ibidem</strong></span> <span class='ocrx_word' id='word_1_257' title='bbox 800 4149 983 4212; x_wconf 89' lang='lat' dir='ltr'><strong>abbatibus</strong></span> <span class='ocrx_word' id='word_1_258' title='bbox 1009 4150 1046 4212; x_wconf 93' lang='lat' dir='ltr'><strong>in</strong></span> <span class='ocrx_word' id='word_1_259' title='bbox 1074 4155 1144 4212; x_wconf 89' lang='lat' dir='ltr'><strong>tota</strong></span> <span class='ocrx_word' id='word_1_260' title='bbox 1170 4164 1309 4231; x_wconf 86' lang='lat' dir='ltr'><strong>posses·</strong></span> 
     </span>
    </p>
   </div>
   <div class='ocr_carea' id='block_1_5' title="bbox 0 0 1456 4890">
    <p class='ocr_par' dir='ltr' id='par_1_5' title="bbox 0 0 1456 4890">
     <span class='ocr_line' id='line_1_39' title="bbox 0 0 1456 4890; baseline 0 6"><span class='ocrx_word' id='word_1_261' title='bbox 0 0 1456 4890; x_wconf 95' lang='lat' dir='ltr'><strong> </strong></span> 
     </span>
    </p>
   </div>
  </div>
 </body>
</html>
