2902 4890
405 394 576 442 cunnrnu
600 391 940 447 succosaxourcnu.
1128 385 1192 449 241

138 561 251 618 erunt.
305 552 431 636 ltaque
456 552 538 617 uolo
566 569 629 614 uos
652 551 740 615 scire
767 554 858 634 quod
878 554 1063 619 AElfwinus
1086 557 1196 621 abbas

137 655 189 718 ita
216 672 348 716 mecum
373 654 511 717 locutus
537 657 592 715 est
617 658 653 714 et
677 657 814 716 tantum
842 655 926 719 mihi
951 655 994 718 dc
1015 675 1079 720 suo
1102 656 1196 720 dedit

139 754 232 837 quod
258 772 324 835 ego
349 753 438 817 hanc
465 752 729 817 conuentionem
765 756 943 830 concessi,
988 762 1022 818 et
1050 755 1131 819 uolo
1158 763 1197 821 ut

140 855 284 917 firmiter
307 860 377 917 stet
399 872 534 936 semper
557 852 648 916 sicut
673 850 765 916 inter
787 874 825 918 se
853 855 1022 938 prolocuti
1047 863 1128 919 eunt
1154 856 1197 920 ad

140 953 279 1018 laudem
308 961 343 1018 et
369 953 533 1017 honorem
555 952 610 1016 dei
634 958 669 1016 et
692 961 837 1019 sanctae
856 955 990 1020 Mariae
1016 958 1197 1038 sanctique

143 1054 322 1118 Benedicti
338 1061 409 1117 tam
426 1052 588 1118 moderno
606 1058 761 1135 tempore
777 1074 882 1138 quam
899 1055 1027 1122 futuro.
1065 1055 1197 1121 Mando

140 1155 249 1236 igitur
268 1160 305 1219 et
321 1153 497 1236 praecipio
518 1161 558 1218 ut
582 1152 697 1216 nullus
719 1155 857 1219 omnino
877 1175 939 1220 nec
965 1154 1110 1220 clericus
1134 1176 1197 1220 nec

142 1255 253 1318 laicus
275 1254 364 1318 hanc
392 1254 694 1318 commutationem
725 1261 760 1318 et
789 1256 983 1338 pactionem
1010 1255 1197 1337 infringere

142 1354 281 1419 audeat.
347 1353 519 1417 Prohibeo
559 1372 697 1437 quoque
730 1373 836 1436 super
866 1357 1002 1439 plenam
1040 1355 1197 1420 forisfac-

142 1462 256 1520 turam
278 1473 389 1517 meam
410 1473 453 1517 ne
470 1453 562 1517 ullus
584 1453 686 1519 homo
704 1459 775 1518 tam
793 1455 910 1521 audax
932 1456 978 1520 sit
997 1463 1035 1519 ut
1057 1456 1196 1539 aliquod

144 1574 331 1638 grauamen
357 1560 418 1618 aut
440 1553 601 1618 iniuriam
626 1553 753 1618 inferat
779 1554 974 1620 hominibus
998 1557 1109 1620 sancti
1128 1557 1194 1620 Be·

142 1655 269 1720 nedicti
290 1674 401 1739 neque
430 1655 533 1718 rebus
558 1672 688 1732 eorum,
711 1655 770 1718 sed
797 1675 919 1738 pacem
945 1655 998 1720 dei
1025 1663 1061 1720 et
1086 1675 1197 1721 meam

144 1755 293 1820 habeant
317 1755 384 1838 ipsi
412 1762 448 1820 et
475 1755 590 1820 omnia
613 1774 702 1838 quae
730 1755 884 1839 ipsorum
910 1764 992 1821 sunt
1016 1763 1077 1821 aut
1097 1764 1198 1824 erunt

145 1856 272 1940 ubique
299 1856 335 1919 in
361 1874 453 1938 aqua
475 1863 511 1920 et
534 1862 636 1920 terra.
692 1854 824 1922 Mando
842 1863 1022 1940 praeterea
1045 1864 1079 1919 et
1098 1875 1198 1939 prae·

144 1957 234 2040 cipio
269 1975 330 2039 per
358 1954 424 2020 hoc
450 1955 616 2038 scriptum
642 1974 754 2018 meum
781 1962 820 2023 ut
854 1957 990 2022 termini
1023 1964 1058 2019 et
1085 1964 1198 2019 metae

144 2057 181 2121 in
198 2055 334 2139 Kinges
350 2055 440 2119 delfe
461 2056 512 2120 ita
530 2061 754 2139 permaneant
776 2057 866 2122 sicut
889 2057 996 2120 abbas
1014 2055 1199 2120 AElfwinus

146 2156 332 2223 Remesiae
354 2175 414 2220 eas
436 2155 661 2221 dirationauit
677 2163 798 2220 contra
821 2155 1013 2222 Siwardnm
1037 2156 1198 2223 abbatem

145 2256 393 2322 Domeiensem
414 2258 479 2319 sub
497 2256 694 2319 testimonio
713 2254 843 2320 Leofsii
868 2256 1004 2321 abbatis
1021 2254 1063 2319 de
1082 2256 1148 2338 Ely
1164 2263 1200 2322 et

147 2356 295 2422 Leofrici
317 2356 453 2420 abbatis
476 2355 518 2420 de
534 2355 651 2419 Burch
671 2363 707 2420 et
722 2353 870 2438 Wlfgeti
887 2356 1023 2420 abbatis
1039 2354 1197 2421 Croilan-

145 2456 223 2521 diae
245 2463 281 2521 et
299 2475 417 2521 eorum
434 2456 495 2538 qui
517 2474 595 2520 cum
617 2456 702 2539 ipsis
726 2454 855 2536 placito
877 2456 1125 2532 interfueruut;
1154 2475 1200 2521 ex

146 2563 246 2640 parte
263 2556 395 2621 scilicet
412 2556 572 2621 orientali
596 2558 705 2638 ipsius
727 2554 859 2638 nauigii
884 2555 940 2619 uel
966 2555 1066 2619 ledae
1090 2573 1199 2638 usque

147 2657 191 2723 ad
219 2657 333 2722 locum
355 2657 415 2739 qui
443 2657 568 2720 dicitur
586 2654 818 2737 Gangestede,
836 2664 872 2721 et
894 2655 1019 2720 exinde
1041 2655 1077 2718 in
1100 2663 1199 2739 parte

148 2757 354 2823 occidentali
385 2758 430 2819 ab
449 2754 678 2820 Hundeslake
704 2775 814 2838 usque
848 2756 892 2822 ad
909 2756 1143 2821 Wenlesmere
1165 2764 1202 2820 et

148 2857 315 2925 medietas
333 2857 375 2921 de
392 2855 639 2923 Kanhereholt.
693 2855 900 2939 Quicunque
917 2876 1000 2939 ergo
1016 2856 1105 2921 hanc
1122 2876 1200 2921 con-

148 2957 347 3025 uentionem
363 2976 480 3021 eorum
504 2958 539 3021 in
562 2957 680 3040 aliqua
694 2976 732 3020 re
745 2963 912 3022 temerare
930 2957 986 3021 uel
999 2957 1201 3020 imminuere

150 3057 419 3140 praesumpserit
448 3047 630 3139 separatus
662 3058 708 3121 sit
740 3056 799 3120 ille
829 3077 850 3120 a
884 3057 1012 3138 gaudio
1047 3057 1200 3132 coelesti,

148 3157 214 3224 uisi
241 3164 427 3240 antequam
461 3158 517 3222 hic
551 3158 700 3223 moriens
728 3156 878 3233 recedat,
900 3155 1064 3219 delictum
1098 3174 1199 3225 suum

149 3277 300 3340 congrue
322 3256 567 3324 emendauerit.
595 3257 718 3322 Amen.
771 3254 871 3323 Haec
894 3261 992 3319 carta
1019 3254 1113 3318 facta
1136 3255 1201 3322 fuit

151 3357 243 3442 apud
258 3357 503 3423 westminster
517 3358 553 3420 in
570 3356 659 3420 festo
675 3356 785 3420 sancti
801 3355 910 3430 Petri,
928 3361 1016 3420 teste
1033 3353 1201 3435 Stigando

151 3457 422 3542 archiepiscopo,
445 3448 612 3524 Eadnino
635 3458 772 3534 abbate,
795 3454 954 3522 Haroldo
980 3453 1116 3532 comite,
1135 3454 1201 3518 Es·

153 3576 239 3640 garo
263 3557 402 3635 stalere,
418 3565 453 3623 et
470 3557 649 3641 Hugelino
665 3555 887 3622 cubiculario.

207 3647 429 3740 ›11Ea'tdward
444 3656 529 3742 king
546 3658 623 3741 gret
635 3657 701 3722 wel
713 3655 856 3720 Wulfwi
872 3656 1005 3737 biscop,
1024 3655 1091 3718 and
1102 3654 1204 3719 Tosti

152 3758 237 3835 eorl,
252 3758 319 3823 and
338 3758 521 3825 Nor'6man
537 3748 721 3834 shirrefen,
739 3755 806 3823 and
829 3754 863 3822 al
881 3754 936 3818 his
952 3755 1058 3820 witen
1078 3755 1147 3818 and
1171 3753 1206 3817 al

152 3857 207 3922 his
228 3857 355 3923 holden
369 3859 406 3924 in
423 3847 698 3925 Hamtonschire
719 3856 828 3920 hadad
844 3855 912 3922 and
935 3843 1067 3919 leawed
1087 3844 1205 3918 frend-

153 3949 243 4034 lsste3
270 3959 339 4023 and
355 3958 392 4022 ik
407 3949 534 4024 kidhen
554 3950 629 4024 οδω
642 3963 715 4025 naet
731 3955 875 4022 AElfwin
892 3956 998 4018 abbot
1014 3954 1054 4021 of
1065 3952 1210 4018 Rames-

154 4058 207 4123 eie
233 4058 302 4122 and
326 4049 462 4125 Leosric
484 4061 590 4125 abbot
615 4058 655 4123 of
668 4056 791 4137 Burgh
808 4055 943 4118 habben
967 4073 1021 4118 me
1050 4053 1152 4134 gebid
1175 4053 1215 4120 of

152 4156 222 4226 aaet
254 4158 384 4223 wharfe
417 4160 483 4227 and
522 4160 563 4227 of
588 4165 659 4230 naet
698 4155 870 4225 soreward
901 4152 969 4221 beet
1001 4152 1044 4217 he
1073 4153 1209 4224 hebben

206 4275 291 4328 Tou.
308 4275 357 4326 lv,
1038 4271 1062 4325 lt
