2902 4890
192 358 236 422 14
455 373 628 422 usuario
651 371 992 422 nucrosuxomcsr.

197 529 443 594 monasterium
459 531 698 611 patrocinatur
719 537 754 595 et
772 531 874 612 regit.
915 531 952 593 Si
969 531 1045 613 quis
1061 531 1149 595 hanc
1169 551 1257 597 nos·

199 637 289 694 tram
310 630 474 713 placitam
497 631 768 695 uicissitudinem
795 631 887 694 malo
915 632 1091 695 molimine
1119 631 1256 695 machi·

198 736 301 794 natur
323 738 457 795 mutare
475 730 605 812 absque
627 731 807 795 uoluntate
830 750 1007 794 seruorum
1031 731 1087 794 dei
1111 732 1147 794 in
1174 751 1252 796 mo·

198 829 351 893 nasterio
377 829 438 893 illo
464 829 743 907 inhabitantium,
766 831 813 893 sit
846 831 1028 912 perseius
1062 850 1140 894 cum
1173 831 1254 895 dia·

197 929 290 1006 bolo,
307 928 527 1011 participium
550 949 688 994 sumens
712 929 755 993 do
776 931 934 994 omnibus
951 931 1071 1012 poenis
1091 930 1164 994 eius
1190 949 1252 995 ao·

199 1029 388 1106 ternaliter,
411 1048 474 1093 nec
502 1030 684 1111 contingat
708 1029 740 1093 ei
762 1030 1011 1111 perpetualiter
1032 1029 1252 1108 uicissitudo,

200 1129 297 1193 cuius
330 1128 568 1193 uicissitudine
602 1126 714 1210 possit
746 1129 812 1191 sibi
845 1130 1009 1210 gaudium
1043 1128 1182 1212 aliquod
1213 1131 1253 1193 in

198 1227 264 1292 hoc
288 1228 440 1305 saeculo,
456 1228 513 1292 uel
532 1229 568 1291 iu
593 1228 711 1292 futuro
727 1247 878 1310 sperare.
937 1229 1018 1292 Hiis
1042 1228 1252 1311 astipulant·

198 1329 276 1393 ibus
292 1328 434 1392 fulcitur
447 1328 532 1392 haec
550 1329 786 1392 commutatio.

250 1429 294 1491 In
311 1428 439 1510 primis.
481 1427 556 1510 Ego
568 1427 661 1492 Cnut
678 1427 829 1492 basileus
844 1425 1120 1491 totiusAlbionis
1136 1429 1253 1509 gentis

199 1548 279 1592 cum
304 1527 441 1591 uiuifico
474 1528 574 1609 signo
605 1528 717 1591 crucis
746 1527 967 1591 corroboraui
996 1546 1106 1609 aeque
1131 1547 1253 1608 peren-

199 1628 290 1692 uiter
309 1627 389 1691 uolo
403 1636 443 1691 ut
457 1627 704 1691 inuiolabiliter
727 1627 771 1689 ab
787 1627 943 1690 omnibus
960 1626 1117 1689 fidelibus
1133 1628 1251 1691 robor·
1331 1662 1334 1670 -

201 1735 280 1792 etur
299 1730 355 1809 »1«.
405 1726 482 1807 Ego
501 1725 649 1807 AElfgifu
672 1727 793 1807 regina
821 1726 1025 1808 praescripti
1049 1727 1141 1808 regis
1171 1745 1253 1790 cum

200 1827 293 1892 omni
324 1827 505 1890 alacritate
530 1827 656 1890 mentis
683 1826 749 1889 hoc
782 1825 915 1888 sancini
943 1832 982 1889 ut
1003 1825 1254 1907 perpetualiter

201 1927 441 1991 inconcussum
471 1926 516 1989 sit
539 1927 595 2006 ᾖ.
656 1927 733 2006 Ego
749 1924 946 1989 Wlfstanus
972 1924 1253 2007 archiepiscopus

201 2025 431 2090 Eboracensis
464 2024 616 2089 ciuitatis
649 2024 841 2108 apostolica
881 2025 1087 2088 auctoritate
1114 2023 1253 2090 firmani

207 2130 263 2209 axe.
313 2126 389 2208 Ego
408 2124 621 2190 AEiielnortus
636 2126 819 2189 modernus
838 2124 1072 2206 archipraesul
1098 2123 1254 2189 Cautus·

199 2228 328 2292 riorum
350 2246 428 2291 cum
453 2225 709 2308 principalitate
734 2231 770 2289 et
796 2225 935 2288 decreto
965 2223 1061 2288 Petri
1084 2224 1252 2307 principis

188 2326 436 2410 ‘apostolorum
463 2326 664 2389 confirmaui
681 2328 736 2407 »1«.
803 2324 880 2405 Ego
908 2323 1131 2388 Gerbrandus
1158 2323 1253 2388 Ros-

200 2427 299 2509 oylde
315 2425 499 2508 parochiae
516 2426 696 2489 Danorum
714 2425 830 2507 gentis
842 2423 1043 2487 confirmaui
1056 2425 1110 2504 *B
1173 2423 1254 2506 Ego

201 2524 436 2590 Brihtwoldus
458 2524 639 2606 episcopus
664 2524 866 2587 confirmaui
886 2525 942 2604 ᾖ.
1006 2523 1082 2605 Ego
1105 2522 1254 2588 AElssin·

201 2645 243 2689 us
269 2623 451 2706 episcopus
492 2624 712 2687 corroboraui
738 2625 793 2704 ᾖ.
879 2623 957 2704 Ego
979 2622 1146 2686 Eadrious
1177 2623 1254 2705 epi-

201 2739 328 2805 scopus
341 2721 555 2786 eonsolidaui
572 2725 628 2804 »1«.
684 2723 761 2804 Ego
782 2721 955 2786 AElmerus
971 2724 1152 2805 episcopus
1168 2742 1255 2788 oon·

204 2822 342 2904 signaui
365 2825 420 2904 »1«.
492 2823 568 2904 Ego
591 2822 773 2887 Leofsinus
798 2823 979 2905 episcopus
1005 2821 1173 2885 affirmaui
1193 2825 1253 2904 ᾤ’.

204 2922 280 3004 Ego
297 2921 508 2986 AElielwinus
529 2923 710 3005 episcopus
732 2923 890 2986 consensi
911 2924 966 3003 »1«.
1019 2922 1094 3004 Ego
1121 2921 1254 3005 Bryht·

202 3023 313 3086 winus
346 3022 526 3104 episeopus
554 3022 705 3087 stabiliri
744 3025 799 3103 ᾧ.
895 3022 971 3103 Ego
1002 3021 1145 3102 AElfwig
1178 3023 1254 3104 epi-

201 3140 327 3204 scopus
349 3122 482 3185 sauciui
504 3124 557 3203 ›1‹-
618 3121 695 3203 Ego
719 3121 909 3186 Godwinus
932 3122 1114 3203 episcopus
1136 3141 1255 3185 corro-
1277 3182 1280 3187 .

201 3222 323 3286 boraui
345 3222 402 3304 ᾧ.
480 3218 574 3306 [Ego
593 3221 776 3285 AElfwinus
803 3221 1033 3284 Orientalium
1060 3219 1255 3302 Anglorum

202 3323 384 3406 episcopus
401 3322 461 3404 qui
478 3321 567 3386 hanc
581 3321 853 3386 uicissitudinem
873 3320 980 3402 petiui
1003 3327 1043 3383 ut
1060 3320 1157 3384 fieret
1173 3340 1256 3385 cum

201 3441 369 3486 consensu
391 3421 543 3485 eiusdem
566 3423 656 3502 regis
673 3420 765 3486 Onut
780 3420 1034 3484 corroborando
1050 3420 1182 3483 saneiui
1197 3422 1255 3502 »1«.

203 3521 280 3603 Ego
308 3520 491 3601 Bryhtwig
513 3520 620 3583 abbas
649 3522 704 3601 ᾖ.
766 3519 841 3600 Ego
871 3519 1020 3602 AEllsige
1053 3520 1160 3582 abbas
1197 3520 1255 3602 ᾖ.

203 3621 280 3702 Ego
310 3619 452 3682 AEluere
484 3619 591 3681 abbas
613 3621 669 3700 ᾖ.
734 3618 809 3698 Ego
827 3619 1042 3683 AEitelwinus
1067 3620 1175 3682 abbas
1198 3622 1256 3701 ᾖ,

204 3720 280 3800 Ego
298 3719 472 3781 AElmerus
490 3718 598 3781 abbas
619 3720 672 3799 »1«.
737 3718 813 3798 Ego
828 3718 1059 3782 AElfweardus
1076 3719 1183 3782 abbas
1198 3722 1256 3801 ᾖ.

204 3819 279 3899 Ego
297 3817 494 3881 Leofwinus
512 3818 619 3880 abbas
637 3819 692 3898 tls.
745 3817 821 3898 Ego
838 3815 1061 3883 AEoelstanus
1075 3818 1181 3881 abbas
1197 3821 1255 3900 ᾖ.

204 3916 280 3998 Ego
306 3917 393 3982 Yric
423 3937 537 3981 comes
568 3916 786 3980 assentiendo
817 3919 1038 3983 corroboraui
1061 3920 1117 3999 ᾖ.
1178 3917 1258 4000 Ego

205 4015 313 4096 Eglaf
324 4035 438 4081 comes
458 4022 571 4080 ratum
592 4015 678 4079 duxi
695 4017 849 4080 stabilire
868 4018 1060 4099 sapientum
1078 4017 1257 4081 decretum

209 4118 265 4197 ᾖ.
333 4115 409 4197 Ego
426 4115 595 4181 Godwine
621 4134 735 4179 comes
764 4117 856 4199 quod
886 4117 1044 4181 dominus
1069 4135 1166 4180 meus
1191 4137 1256 4181 rex
1321 4170 1324 4175 .
