2880 4874
186 358 251 423 272
446 371 619 419 cunurnn
645 368 986 421 Anonosnxonrcsn.

533 625 916 694 nccucxxxvlu.

607 744 835 844 nnosuic.

255 935 392 1019 ›14Eco
418 933 595 998 Leolricus
622 952 737 998 comes
769 931 953 996 manifesto
983 933 1019 996 in
1049 934 1146 998 breui
1174 934 1239 1000 isto

190 1038 282 1121 quod
300 1045 426 1101 terram
444 1053 534 1117 quae
554 1039 701 1098 uocatur
718 1032 918 1098 Heamtune
936 1034 979 1097 ad
996 1037 1238 1099 monasterium

190 1139 232 1202 de
247 1136 418 1202 Euesham
434 1134 512 1198 dedi
528 1141 563 1198 et
579 1134 656 1198 misi
673 1135 708 1198 in
722 1134 818 1198 illam
835 1134 1038 1199 aecclesiam
1054 1155 1158 1218 quam
1176 1155 1239 1218 ego

191 1247 226 1302 et
252 1239 378 1301 coniux
399 1256 475 1300 mea
497 1233 668 1318 Godgyue
694 1234 819 1298 ibidem
848 1236 884 1299 in
913 1234 1074 1300 honorem
1103 1245 1241 1300 sanctae

190 1345 225 1402 et
247 1339 445 1402 indiuiduas
473 1337 637 1400 trinitatis
663 1355 726 1418 pro
755 1336 936 1400 animabus
963 1336 1092 1401 nostris
1118 1336 1240 1401 deuote

191 1439 459 1514 aedificauimuS,
477 1442 512 1500 et
529 1437 595 1501 hoc
613 1456 688 1500 cum
705 1436 800 1500 uictu
814 1444 849 1501 et
864 1435 1070 1514 hominibus,
1085 1444 1121 1501 et
1134 1438 1241 1501 omni·

190 1541 255 1604 bus
271 1540 373 1603 rebus
391 1546 425 1602 et
440 1536 745 1601 consuetudinibus
761 1537 805 1600 ad
822 1537 964 1602 eandem
980 1538 1240 1620 pertinentibus,

191 1641 242 1705 ita
264 1639 366 1704 sicuti
388 1658 452 1720 ego
469 1638 544 1721 ipse
565 1656 716 1721 unquam
738 1638 860 1702 melius
877 1639 971 1703 illam
988 1639 1024 1701 in
1040 1659 1147 1703 manu
1167 1658 1242 1702 mea

191 1741 286 1806 tenui
309 1747 343 1804 et
362 1739 519 1822 possedi3
548 1745 583 1802 et
605 1758 669 1821 ego
693 1738 855 1822 quamdiu
872 1739 993 1803 uixero
1021 1739 1116 1803 illius
1133 1747 1241 1804 terrae

191 1849 396 1925 procurator
412 1848 447 1904 et
464 1838 622 1903 defensor
644 1859 719 1904 esse
740 1839 832 1916 uolo,
850 1847 886 1904 et
901 1841 1093 1903 consentire
1108 1840 1189 1904 nolo
1206 1849 1243 1904 ut

192 1944 317 2027 aliquis
333 1940 541 2006 iniusticiam
563 1941 599 2002 in
625 1960 667 2004 ea
694 1940 798 2004 faciat
825 1941 904 2023 plus
927 1961 1017 2005 nunc
1036 1959 1139 2024 quam
1162 1947 1243 2005 tunc

192 2044 330 2126 quando
360 2042 395 2105 in
426 2060 530 2103 manu
564 2060 640 2104 mea
669 2042 778 2123 ipsam
808 2041 912 2104 habui
947 2047 982 2104 et
1014 2041 1050 2104 in
1078 2060 1121 2105 ea
1160 2042 1240 2105 sedi.

194 2144 301 2208 Istam
328 2151 454 2206 terram
478 2161 521 2204 ex
540 2141 629 2205 dono
651 2141 747 2222 regio
775 2143 892 2224 accepi
919 2149 955 2204 et
982 2142 1026 2205 ad
1051 2161 1127 2206 eam
1156 2143 1244 2206 sicut

193 2245 285 2308 Cnut
302 2263 363 2307 rex
382 2241 462 2305 mihi
482 2242 652 2306 concessit
667 2243 757 2317 ueni,
774 2243 855 2325 quia
872 2261 955 2306 suae
973 2249 1047 2306 erat
1061 2243 1244 2325 potestatis

192 2365 268 2409 eam
291 2342 531 2426 possidendam
555 2342 609 2406 cui
634 2342 740 2405 uellet
762 2343 863 2407 tradi.
916 2341 1008 2406 Nam
1026 2343 1134 2407 frater
1148 2363 1243 2407 meus

194 2446 417 2509 Normannus
444 2442 539 2505 illam
570 2451 650 2506 ante
677 2463 731 2506 me
756 2443 889 2520 habuit,
917 2444 1007 2506 sicut
1038 2464 1098 2508 rex
1128 2441 1243 2507 AEdel-

194 2546 295 2610 redus
321 2544 364 2609 ad
382 2543 640 2626 relinquendam
663 2550 743 2626 post
769 2564 806 2607 se
830 2543 885 2608 cui
909 2543 1048 2608 haeredi
1078 2545 1243 2609 uoluisset

193 2647 338 2710 libenter
363 2646 395 2709 ei
416 2664 480 2727 pro
502 2663 566 2708 suo
589 2651 689 2725 grato
707 2645 847 2708 seruitio
870 2663 945 2708 eam
966 2645 1146 2721 concessit,
1164 2646 1245 2728 quia

193 2767 238 2811 ex
256 2745 551 2829 praeuaricatione
575 2745 610 2807 in
636 2745 691 2808 ius
714 2745 786 2808 eius
810 2753 903 2808 recto
921 2745 1086 2809 nobilium
1104 2765 1243 2810 suorum

194 2847 320 2910 iudicio
360 2845 505 2927 accepit,
541 2853 576 2908 et
612 2845 686 2928 ipse
724 2846 830 2911 frater
869 2866 964 2909 meus
1004 2845 1133 2910 tamdiu
1172 2849 1244 2911 sine

195 2947 343 3009 clamore
366 2952 401 3009 et
416 2945 612 3027 calumpnia
634 2946 744 3009 omnis
766 2946 912 3010 hominis
929 2947 964 3010 in
986 2966 1028 3010 ea
1048 2948 1189 3012 sedebat
1210 2955 1245 3013 et

195 3046 394 3130 possidebat
416 3046 579 3129 quamdiu
597 3046 759 3121 uiuebat3
785 3053 820 3110 et
845 3067 911 3128 ego
933 3053 1013 3130 post
1035 3068 1113 3112 eum
1138 3067 1246 3130 quan-

196 3156 269 3213 tum
285 3147 368 3211 mihi
384 3147 525 3229 placuit,
543 3154 579 3210 et
596 3147 655 3230 qui
670 3146 770 3211 modo
786 3147 915 3211 habent
930 3148 1032 3212 sicuti
1056 3169 1121 3231 ego
1141 3149 1245 3214 habui

195 3250 275 3313 uolo
293 3256 331 3311 ut
347 3248 413 3329 ipsi
431 3248 591 3311 habeant.
645 3246 718 3311 Iste
743 3248 858 3311 breuis
880 3249 1029 3331 scriptus
1046 3249 1192 3314 habetur
1208 3259 1247 3314 ut

195 3352 240 3414 sit
264 3350 300 3412 in
328 3347 558 3413 testimonium
585 3353 620 3412 et
640 3367 735 3411 meae
758 3348 963 3412 elemosinae
985 3350 1109 3415 stabile
1130 3350 1245 3415 firma-

146 3515 147 3518 ,
196 3455 347 3513 mentum
366 3468 468 3530 quarn
488 3448 674 3512 aecclesiae
691 3449 845 3513 concessi
862 3451 971 3514 seruis
988 3450 1043 3515 dei
1063 3450 1106 3513 ad
1129 3471 1246 3516 eorum

197 3551 337 3614 uictum.
400 3548 507 3611 Modo
540 3555 593 3612 est
620 3549 782 3630 Birtegus
810 3550 993 3633 episcopus
1017 3551 1117 3614 testis
1145 3552 1246 3617 huius

196 3670 292 3714 meae
331 3648 537 3725 donationis,
571 3655 606 3712 et
640 3655 735 3714 totus
774 3650 959 3714 comitatus
982 3650 1248 3733 Wigornensiae

196 3750 359 3815 ciuitatis.
412 3749 520 3825 DeuS,
549 3749 655 3813 totius
682 3750 800 3813 mundi
829 3758 965 3813 creator
980 3757 1016 3815 et
1042 3758 1165 3830 rector,
1188 3756 1248 3838 qui

195 3857 320 3915 cuncta
347 3849 476 3912 creauit
502 3856 537 3912 et
559 3848 640 3913 fecit
663 3857 698 3912 et
720 3857 920 3914 cunctorum
944 3851 1049 3915 corda
1071 3859 1249 3919 scrutatur

196 3960 230 4016 et
248 3968 357 4025 renes,
369 3957 512 4013 cunctos
530 3951 588 4032 qui
604 3949 683 4013 huic
699 3970 796 4014 meae
812 3951 987 4015 donationi
1006 3952 1249 4020 adiuuauerint

198 4059 236 4115 ut
269 4049 437 4114 firmasit
465 4069 529 4113 sua
559 4050 795 4114 benedictione
826 4051 1032 4134 multiplicet
1064 4060 1099 4118 et
1131 4062 1248 4120 custo-

196 4151 268 4214 diat
299 4157 333 4213 et
354 4168 549 4214 accrescere
580 4151 639 4234 qui
669 4151 841 4216 noluerint
863 4153 998 4218 cunctis
1026 4154 1126 4219 bonis
1157 4175 1251 4223 cres·
