2902 4890
263 389 328 460 180
527 405 700 456 cnsnrns
722 403 1062 453 nnouossxonrcsn.

258 563 377 641 ‚minus
400 565 437 630 in
458 585 522 630 sua
539 566 699 631 libertate
718 563 931 647 permanebit
946 563 1111 646 quamdiu
1128 562 1318 629 Christiani

262 664 410 729 nominis
432 666 536 730 timor
559 673 594 730 et
617 686 714 730 amor
736 665 801 728 hac
830 671 950 728 nostra
978 671 1081 746 geute
1114 684 1316 747 perseuera-

263 767 364 831 uerit.
416 764 471 831 Ad
493 767 664 844 ultimum,
689 772 820 830 cartam
842 765 945 828 istam
970 765 1136 829 conscribi
1160 773 1196 830 et
1220 766 1316 848 sigil-
1428 794 1430 798 ·

261 865 329 929 lari
354 866 452 945 iussi,
473 874 508 931 et
533 867 607 948 ipse
628 886 732 930 mauu
763 884 840 929 mea
868 866 1004 946 signum
1037 873 1179 929 sanctae
1204 868 1316 929 crucis

263 965 433 1048 impressi,
460 973 495 1030 et
528 966 670 1031 idoneos
702 973 809 1031 testes
843 965 1002 1028 annotari
1032 966 1202 1048 praecepi.
1257 965 1315 1030 Ad

263 1066 551 1131 corroborandam
566 1067 684 1149 itaque
707 1066 881 1149 propriam
897 1065 1093 1129 donationis
1108 1065 1316 1144 libertatem,

313 1167 392 1248 Ego
421 1167 634 1232 Eadwardus
666 1167 805 1230 domino
836 1166 1006 1246 largiente
1023 1164 1216 1248 Anglorum
1251 1187 1314 1230 rex

259 1265 401 1347 signum
428 1268 645 1331 uenerandae
672 1267 784 1331 crucis
812 1265 970 1346 impressi
999 1267 1054 1346 ᾖ.
1119 1266 1196 1348 Ego
1223 1267 1315 1332 Ead-

259 1367 345 1448 giba
381 1368 506 1449 regina
538 1367 619 1432 huic
649 1365 825 1432 donationi
859 1366 949 1447 regis
984 1365 1200 1430 consentiens
1232 1369 1314 1430 sub-

261 1466 386 1550 scripsi
405 1470 459 1551 ›1‹.
513 1469 590 1551 Ego
607 1467 794 1550 Stigandus
811 1466 1088 1549 archiepiscopus
1102 1468 1262 1531 consensi
1278 1477 1314 1534 et

262 1568 451 1651 subscripsi
474 1570 528 1651 ᾖ.
596 1569 672 1650 Ego
697 1567 888 1633 Ealdredus
922 1565 1199 1649 archiepiscopus
1232 1587 1315 1631 con·

261 1667 355 1730 sensi
373 1675 409 1732 et
422 1668 609 1750 subscripsi
631 1671 686 1752 ᾖ.
739 1668 816 1750 Ego
831 1666 1010 1731 Walterus
1025 1667 1208 1749 episcopus
1230 1688 1313 1732 con-

261 1768 355 1831 sensi
390 1777 426 1833 et
455 1769 644 1853 subscripsi
671 1771 726 1852 ᾧ.
810 1768 887 1849 Ego
917 1765 1093 1831 Leofricus
1132 1767 1315 1850 episcopus

260 1869 420 1933 consensi
442 1884 478 1933 er
499 1870 688 1951 subscripsi
708 1871 761 1952 ᾖ.
814 1868 890 1949 Ego
905 1866 1113 1931 Willielmus
1131 1869 1314 1950 episcopus

259 1969 421 2033 consensi
451 1976 487 2033 et
515 1970 704 2052 subscripsi
729 1971 785 2052 ᾧ.
850 1967 928 2050 Ego
961 1966 1204 2032 Heremannus
1241 1970 1314 2051 epi-

261 2087 387 2151 scopus
414 2069 572 2134 consensi
602 2076 638 2134 et
661 2068 851 2151 subscripsi
885 2070 939 2151 ᾧ.
1003 2068 1079 2149 Ego
1107 2068 1314 2133 Wulstanus

261 2164 445 2252 episcopus
471 2170 628 2235 consensi
656 2177 692 2234 et
718 2168 906 2250 subscripsi
925 2169 980 2248 ιιι.
1043 2167 1120 2250 Ego
1138 2168 1315 2232 Siwardus

260 2269 445 2352 episcopus
486 2269 644 2335 consensi
687 2277 722 2334 ct
752 2267 941 2350 subscripsi
974 2270 1028 2351 ᾖ.
1094 2267 1171 2349 Ego
1198 2268 1314 2333 Wulf-

262 2369 376 2434 winus,
395 2371 577 2453 episcopus
594 2369 752 2435 consensi
766 2379 801 2435 et
817 2369 1006 2450 subscripsi
1026 2370 1081 2451 ᾖ.
1132 2368 1209 2449 Ego
1226 2368 1313 2433 Giso

261 2469 444 2552 episcopus
459 2471 617 2534 consensi
640 2477 675 2534 et
698 2470 887 2551 subscripsi
906 2470 962 2549 qs.
1037 2467 1114 2550 Ego
1128 2467 1313 2533 AEliwinus

261 2570 370 2634 abbas
392 2570 549 2634 consensi
570 2578 605 2635 et
627 2570 814 2652 subscripsi
835 2572 890 2651 ᾖ.
960 2569 1036 2649 Ego
1055 2567 1232 2631 Leosricus
1253 2570 1315 2632 ab.

261 2670 324 2734 bas
342 2672 498 2734 consensi
519 2678 553 2734 et
569 2670 759 2752 subscripsi
777 2673 834 2751 »1«.
903 2669 980 2751 Ego
997 2668 1183 2732 Eadwinus
1204 2669 1314 2733 abbas

261 2771 419 2833 consensi
441 2777 476 2834 et
494 2770 680 2852 subscripsi
705 2773 760 2852 ιιι.
813 2769 890 2850 Ego
907 2768 1085 2850 AEgelsius
1107 2769 1214 2832 abbas
1230 2762 1312 2833 con'-

260 2869 352 2932 sensi
378 2877 413 2934 et
433 2870 621 2952 subscripsi
645 2872 700 2953 ᾖ.
772 2869 849 2950 Ego
866 2868 1098 2933 Wulfwoldus
1125 2868 1232 2932 abbas
1255 2872 1311 2951 ιιι.

261 2967 338 3048 Ego
350 2968 563 3032 Reinbaidus
580 2969 805 3033 cancellarius
824 2971 877 3052 ᾖ.
929 2968 1006 3050 Ego
1020 2967 1235 3050 AEgelwinus
1253 2970 1315 3032 ab·

260 3068 323 3134 bas
338 3071 496 3134 consensi
515 3076 550 3139 et
565 3070 753 3152 subscripsi
773 3072 828 3153 ᾖ.
879 3069 957 3149 Ego
980 3068 1181 3133 Baldwinus
1204 3062 1313 3132 abbas

260 3169 420 3234 consensi
447 3176 482 3233 et
511 3169 699 3252 subscripsi
721 3172 776 3253 ᾧ.
836 3169 914 3250 Ego
933 3168 1129 3233 Leofwinus
1151 3168 1223 3233 dux
1251 3162 1312 3250 51<ss

261 3266 338 3350 Ego
355 3268 454 3352 Gyrb
471 3270 542 3333 dux
556 3272 611 3351 qs.
652 3271 729 3352 Ego
748 3269 927 3334 Haroldus
943 3269 1014 3332 dux
1038 3270 1093 3351 ᾖ.
1133 3268 1209 3351 Ego
1223 3269 1313 3332 Ead-

261 3370 372 3433 winus
387 3370 459 3433 dux
478 3372 534 3453 ᾧ.
586 3370 662 3452 Ego
677 3370 825 3434 Raulsus
840 3370 995 3456 minister
1014 3372 1070 3451 ᾖ.
1123 3369 1200 3450 Ego
1221 3369 1312 3435 Rot-

261 3469 379 3534 bertus
395 3471 550 3535 minister
570 3472 626 3551 ιιι.
668 3471 745 3551 Ego
763 3472 934 3551 AEsgarus
951 3469 1108 3532 minister
1128 3471 1183 3552 ᾖ.
1235 3469 1313 3550 Ego

261 3568 445 3634 Eadnobus
474 3571 630 3635 minister
651 3573 705 3652 ᾖ.
788 3571 864 3653 Ego
892 3569 1047 3638 Bondius
1077 3569 1233 3633 minister
1254 3571 1311 3650 ᾖ.

260 3668 337 3751 Ego
353 3670 523 3751 Wigodus
545 3671 701 3734 minister
721 3672 775 3753 ᾖ.
845 3670 1062 3751 AEgelno’sus
1083 3671 1136 3752 ᾖ.
1197 3667 1315 3735 wulf-

260 3769 351 3833 ricus
371 3771 428 3852 »1«.
459 3769 655 3834 ‘Siwardus
673 3772 729 3853 ᾧ.
781 3770 953 3835 Godricus
977 3772 1032 3853 »Xe
1125 3786 1128 3791 ·
1276 3764 1280 3769 ’

310 3867 402 3934 Acta
424 3869 515 3951 apud
533 3870 883 3935 Westmonusterium
902 3888 946 3937 .v.
963 3869 1191 3934 kalendarum
1205 3868 1315 3933 Ianu-

260 3970 325 4036 arii
347 3971 405 4034 die
436 3977 634 4034 sanctorum
662 3969 896 4034 innocentium
926 3990 1017 4034 anno
1042 3969 1234 4037 dominicae
1262 3968 1316 4032 in-

259 4071 470 4135 carnationis
495 4073 648 4134 ‚umxvn
676 4070 861 4134 indictione
884 4070 998 4148 tertia,
1021 4088 1114 4134 anno
1139 4066 1237 4151 regni
1258 4087 1316 4132 se·

261 4169 432 4235 renissimi
456 4170 656 4235 Eaduuardi
684 4171 776 4252 regis
807 4170 976 4252 uigesimo
1004 4170 1138 4252 quinto.
1204 4166 1316 4234 swis
