2902 4890
197 382 266 446 ἕω
452 399 622 448 eunucus
646 398 986 450 Auenosuxomcun.

197 557 432 641 archipraesul
454 556 622 621 consensi.
679 556 813 638 ›1⁴Ego
832 549 1147 638 Lifingepiscopus
1169 574 1252 620 con·

197 659 302 722 sensi.
358 660 397 740 »14
414 657 489 738 Ego
508 656 656 721 Ealdred
677 657 860 739 episcopus
886 656 1056 722 consensi.
1113 658 1153 738 »14
1174 656 1251 739 Ego

199 758 352 839 Wulssig
377 757 557 840 episcopus
583 757 752 821 consensi.
810 757 850 837 »14
869 756 946 839 Ego
964 756 1149 821 AEeelstan
1177 757 1251 839 epi-

198 878 325 940 scopus
341 858 509 922 consensi.
565 858 605 938 »14
624 857 699 939 Ego
718 855 858 920 Dodeca
880 858 1064 940 episcopus
1080 856 1251 923 consensi.

204 959 243 1039 »14
261 959 337 1039 Ego
354 957 500 1038 Stigand
517 956 700 1040 episcopus
722 957 890 1022 consensi.
947 959 987 1039 »14
1009 957 1085 1039 Ego
1102 957 1250 1023 Eadnott

197 1059 378 1140 episcopus
400 1058 568 1122 consensi.
633 1058 672 1138 »14
692 1058 768 1139 Ego
781 1057 935 1122 Willelm
961 1057 1144 1140 episcopus
1167 1077 1250 1121 con·

197 1158 300 1221 sensi.
357 1160 396 1240 »14
418 1158 494 1239 Ego
513 1157 650 1222 Leofric
675 1158 747 1222 dux
768 1159 936 1223 consensi.
998 1159 1038 1239 »14
1061 1157 1138 1238 Ego
1154 1156 1251 1222 God-

197 1257 285 1321 wine
302 1257 375 1321 dux
392 1259 562 1322 consensi.
610 1260 650 1340 »14
669 1258 746 1340 Ego
760 1256 892 1322 Siward
905 1258 977 1321 dux
992 1257 1163 1321 consensi.
1205 1259 1244 1339 »14

196 1356 410 1440 EgoSwegn
423 1358 496 1422 dux
510 1359 678 1422 consensi.
721 1359 760 1439 »14
777 1356 854 1438 Ego
867 1357 982 1422 Beorn
994 1357 1067 1420 dux
1079 1358 1249 1424 consensi.

200 1456 239 1536 »14
263 1457 339 1539 Ego
358 1458 496 1539 AElsgar
523 1458 679 1522 minister
701 1457 870 1521 consensi.
936 1458 975 1538 »14
998 1456 1075 1538 Ego
1094 1457 1248 1521 AElsstan

196 1556 353 1621 minister
382 1559 550 1622 consensi.
616 1558 656 1638 »14
690 1557 766 1639 Ego
794 1555 956 1638 Mergeat
983 1557 1138 1620 minister
1168 1575 1249 1621 con-

196 1658 299 1718 sensi.
377 1660 416 1740 »14
445 1657 521 1739 Ego
538 1656 660 1720 Owine
684 1656 840 1721 minister
865 1657 1035 1721 consensi.
1110 1656 1150 1736 »14
1171 1657 1248 1737 Ego

197 1754 337 1820 AElfnob
368 1758 523 1821 minister
553 1758 723 1828 consensi.
792 1759 832 1839 »14
861 1757 938 1838 Ego
952 1756 1114 1838 ‚Mannig
1141 1756 1249 1820 abbas
1335 1782 1337 1786 ’

196 1856 366 1922 consensi.
421 1859 461 1939 »14
484 1857 561 1939 Ego
577 1855 746 1922 Godwine
762 1857 869 1921 abbas
887 1858 1056 1923 consensi.
1112 1858 1153 1935 »14
1171 1856 1249 1936 Ego

198 1957 321 2022 AElfric
351 1958 458 2021 abbas
483 1957 650 2021 consensi.
721 1960 761 2040 »14
793 1957 870 2039 Ego
897 1958 1071 2040 AEglwine
1096 1957 1248 2022 decanus

196 2059 363 2123 consensi.
408 2060 460 2140 Ι»14
482 2059 558 2141 Ego
576 2057 735 2122 Wulmer
750 2057 905 2124 minister
923 2058 1092 2124 consensi.

587 2356 867 2423 occccxrn.

568 2483 871 2572 uiownnan.

250 2659 290 2739 »14
312 2657 357 2721 lu
372 2656 508 2720 nomine
531 2656 660 2719 domini
682 2657 791 2720 nostri
807 2656 910 2720 Ihesu
936 2657 1139 2722 saluatoris!
1193 2657 1246 2722 Ea

195 2776 286 2841 quae
307 2756 465 2838 legaliter
483 2755 735 2839 salubriterque
750 2755 1033 2834 determinantur,
1048 2757 1129 2821 licet
1150 2758 1246 2822 solus

194 2855 367 2938 sufficeret
381 2874 505 2933 sermo,
528 2854 572 2918 ad
596 2855 794 2919 enitendum
812 2861 927 2920 tamen
950 2858 1115 2940 temporis
1138 2856 1247 2923 futuri

194 2957 468 3039 ambiguitatem,
494 2954 700 3018 fidelissimis
740 2955 918 3038 scripturis
958 2965 994 3020 et
1031 2957 1246 3023 documentis

194 3058 304 3122 sacris
348 3064 429 3120 sunt
456 3054 737 3119 commendanda.
805 3054 1038 3134 Quamobrem
1067 3077 1132 3138 ego
1156 3058 1246 3122 Ead-

195 3157 334 3222 rrtrdus
355 3176 417 3220 rex
434 3154 627 3237 Anglorum
651 3174 714 3237 pro
742 3162 902 3221 aeternae
927 3157 1162 3221 retributionis
1184 3177 1246 3241 spe

195 3266 233 3323 rt
247 3256 460 3322 relaxatione
485 3255 722 3338 peccaminum
750 3276 903 3320 meorum
925 3256 970 3320 ad
992 3257 1127 3321 laudem
1153 3259 1246 3339 regis

194 3357 328 3423 merei
350 3365 386 3421 ct
408 3356 452 3420 ad
478 3355 642 3420 honorem
670 3356 781 3419 sancti
797 3355 901 3421 Pauli
920 3356 1070 3440 apostoli
1091 3358 1245 3439 gentium

193 3456 359 3533 &nuria
374 3456 482 3539 regali
507 3456 713 3520 auctoritate
730 3457 896 3520 renouaui
919 3464 1024 3540 atque
1051 3459 1246 3522 restauraui

193 3556 388 3623 meatem
403 3556 448 3621 ad
462 3556 706 3621 monasterium
723 3556 808 3637 ipsis
826 3563 995 3621 statutum
1010 3558 1046 3621 in
1064 3557 1248 3623 Lundonia

192 3654 339 3724 &nu
370 3656 430 3721 ubi
458 3655 518 3720 diu
550 3662 691 3719 sanctus
725 3655 975 3721 Erkenwaldus
1008 3655 1245 3740 episcopatum

194 3757 320 3823 ufir.
368 3756 470 3822 Haec
490 3762 544 3820 est
566 3757 656 3819 enim
680 3755 822 3821 libertas
847 3757 1028 3840 illaquam
1050 3764 1091 3821 ut
1109 3764 1241 3822 aetern-

193 3855 299 3923 ὼε
333 3855 372 3921 in
406 3855 604 3940 supradicto
641 3857 850 3920 monasterio
889 3865 1091 3940 permaneat
1130 3859 1244 3925 animo

195 3955 320 4023 M
338 3957 524 4033 crastimo,
546 3954 581 4018 id
603 3964 657 4020 est
684 3963 764 4021 octo
790 3975 929 4021 mansas
956 3957 1000 4022 ad
1019 3957 1180 4041 Berlings
1208 3967 1244 4025 et

193 4058 351 4141 Μαι
378 4057 425 4123 ad
454 4055 649 4140 ffingesord.
717 4055 821 4120 Hanc
854 4076 920 4138 ego
950 4057 1145 4123 libertatem
1178 4080 1242 4142 pro

196 4158 367 4241 ffl-
384 4155 675 4225 utmonitione
701 4158 908 4223 uenerabilis
931 4159 1083 4242 episcopi
1107 4157 1241 4227 Erken-
