2902 4890
420 359 592 409 casuras
619 361 961 410 sncuossxourcan.
1153 345 1218 408 163

578 541 817 609 bcccxvl.

241 662 246 670 ’
350 656 686 771 *niuwsnnn
712 692 1023 775 Mayaoth,1oos.

223 820 262 899 ›1‹
280 814 487 883 Rncrtsrtun
508 817 544 883 in
566 826 769 901 perpetuum
787 817 893 881 Ihesn
911 816 1051 880 Christo
1067 814 1218 879 omnium

166 934 288 999 regum
309 917 487 1001 principe!
540 917 617 1000 Ego
638 917 872 981 Eadweardus
889 916 1077 981 secundum
1095 915 1219 978 uolun-

167 1022 276 1082 tatem
296 1017 371 1080 eius
393 1016 580 1081 monarcha
602 1017 710 1082 totius
734 1017 949 1092 Britanniae,
973 1016 1085 1079 sciens
1113 1015 1218 1095 glori·

168 1116 239 1181 osis
267 1115 407 1198 regibus
432 1116 518 1181 nibil
542 1136 618 1181 csse
644 1115 799 1181 foelicius
826 1122 862 1178 et
888 1114 1066 1197 praeclaro
1091 1114 1220 1196 populo

168 1215 341 1280 salubrius
355 1234 460 1298 quam
475 1216 530 1281 ius
541 1216 816 1281 aecclesiasticae
831 1215 1046 1279 rectitudinis
1061 1215 1096 1277 in
1112 1215 1221 1277 omni-

169 1317 235 1380 bus
259 1322 461 1393 samaraei
477 1317 514 1379 iu
535 1315 661 1380 diuinis
686 1322 791 1398 atque
816 1314 1051 1379 saecularibus
1074 1314 1222 1393 negotiis

169 1414 264 1479 iusta
288 1414 415 1479 iudicia
442 1433 558 1497 agere,
586 1415 751 1498 proposui
777 1417 868 1478 iuste
896 1422 932 1477 ct
959 1414 1144 1477 clementer
1171 1433 1223 1475 re-

170 1514 284 1596 gendo
305 1514 389 1578 mibi
409 1515 557 1579 subditis
576 1515 740 1598 prodesse
759 1522 794 1578 et
820 1515 870 1578 sic
892 1512 1107 1595 singulorum
1130 1511 1225 1575 utili-

169 1614 301 1679 tatibus
333 1614 522 1697 prouidere,
554 1621 593 1678 ut
623 1613 833 1679 confirmatis
863 1621 983 1676 nostra
1013 1612 1224 1676 authoritate

169 1732 262 1797 quae
278 1714 472 1796 quibusque
494 1714 702 1796 contingunt
724 1712 953 1777 haereditario
974 1712 1049 1776 iure
1065 1733 1127 1795 per
1145 1731 1224 1793 pos·

171 1813 329 1878 teritatcs
344 1813 411 1877 sibi
427 1813 650 1878 succedentes
664 1813 833 1877 inuiolata
850 1818 979 1895 queant
994 1832 1081 1876 esse.
1123 1810 1224 1875 Unde

172 1919 315 1994 rogatus
342 1932 364 1976 a
378 1910 522 1996 Gysoue
544 1913 707 1996 episcopo
724 1912 904 1989 Wellensi,
926 1931 1027 1994 quem
1054 1917 1135 1975 ante
1158 1911 1223 1974 boc

171 2012 346 2076 biennium
365 2012 499 2077 Romae
516 2031 593 2076 cunr
610 2012 900 2077 commendatitiis
920 2010 1029 2074 literis
1048 2010 1170 2086 direxi,
1189 2017 1224 2073 et

170 2111 365 2195 apostolica
388 2112 603 2176 ordinatione
626 2111 764 2175 Nicolai
787 2130 899 2194 papae
920 2109 1074 2173 sunctum
1098 2110 1225 2190 recepi,

172 2218 210 2275 et
235 2211 388 2274 maxime
408 2212 453 2276 ab
470 2211 642 2294 Eadgytia
667 2213 787 2292 regina
814 2210 897 2274 mihi
924 2209 1141 2272 matrimonio
1168 2227 1224 2270 so·

172 2310 277 2387 ciata,
303 2317 339 2374 et
364 2311 431 2374 sibi
456 2311 630 2393 gratuitae
664 2310 895 2374 miserationis
923 2309 1123 2390 dignatione
1147 2326 1226 2389 pro·

173 2408 273 2493 pitia,
289 2416 330 2474 ut
346 2429 389 2474 ea
409 2430 498 2492 quae
515 2416 771 2475 autecessorum
793 2410 958 2491 largitate
980 2407 1110 2471 donata
1133 2413 1226 2482 sunt,

173 2508 232 2573 uel
257 2509 450 2591 sagacitate
477 2509 691 2587 confirmata,
718 2510 874 2592 apicibus
906 2515 1045 2570 nostrae
1071 2505 1225 2569 authori-

173 2607 270 2685 tatis,
301 2608 488 2674 aecclesiae
522 2609 613 2673 sedis
640 2628 724 2672 suae
754 2610 893 2673 literato
921 2606 1168 2681 confirmarem,
1192 2613 1227 2669 et

173 2726 265 2791 qnae
297 2708 333 2770 in
368 2708 486 2773 multis
521 2709 746 2791 cyrographis
775 2727 892 2789 regum
929 2707 1080 2788 priorum
1112 2714 1228 2769 esseut

174 2806 350 2889 aliquibus
395 2808 462 2870 iarn
510 2814 685 2872 uetustate
722 2807 935 2888 consumptis
970 2807 1005 2869 in
1043 2804 1227 2869 armariolo

174 2906 279 2970 unius
294 2906 448 2970 cartulae
463 2908 666 2989 congregari
685 2908 929 2989 permitterem.
975 2906 1105 2968 Eorum
1128 2905 1228 2968 iustis

174 3005 400 3089 petitionibus
414 3007 524 3070 libens
539 3026 667 3084 annuo,
683 3015 718 3070 et
735 3026 802 3070 non
822 3006 932 3069 solum
950 3024 992 3069 ea
1011 3023 1101 3087 quae
1117 3004 1192 3086 ipse
1208 3023 1229 3066 a
1324 3021 1328 3031 ’

176 3123 231 3168 me
262 3104 317 3169 uel
345 3111 580 3170 antecessores
608 3106 681 3169 eius
709 3125 731 3169 a
760 3105 844 3169 meis
870 3105 1143 3186 impetrauerunt
1173 3102 1228 3165 uel

176 3204 282 3268 etiam
308 3204 420 3285 pretio
453 3206 713 3287 acquisiuerunt
738 3224 783 3267 ex
809 3204 974 3285 hisquae
1001 3202 1139 3283 regibus
1170 3201 1228 3264 de-

161 3303 313 3380 bentur,
331 3301 456 3368 habere
479 3323 568 3376 eum,
586 3311 621 3368 et
636 3322 754 3368 omnes
781 3321 997 3367 successores
1019 3300 1093 3364 eius
1117 3301 1228 3363 inuio-

177 3401 330 3466 labiliter
345 3402 528 3484 permitto;
553 3403 614 3467 scd
637 3404 740 3467 etiam
765 3401 926 3484 quicquid
945 3400 1120 3483 possidere
1137 3399 1231 3463 uide-

179 3508 237 3565 tur
258 3500 427 3567 aecclesia
449 3521 551 3585 quam
570 3502 672 3584 regit,
695 3503 869 3566 constituo
884 3500 920 3564 iu
943 3506 1111 3582 perpetua
1128 3498 1229 3562 liber-

178 3606 265 3676 tate,
304 3602 461 3683 exceptis
506 3602 628 3679 tribus,
674 3601 903 3683 expeditione,
946 3600 1061 3680 pontis
1098 3599 1232 3662 arcisue

178 3698 442 3765 restauratione.
495 3699 599 3780 Quod
623 3709 662 3764 ut
677 3721 738 3782 per
759 3698 978 3764 succedentia
995 3698 1059 3761 sibi
1077 3697 1234 3761 saeculo-

179 3819 256 3862 rum
285 3806 442 3881 tempora
467 3800 560 3882 apud
598 3799 687 3865 filios
724 3799 881 3864 iusticiae
914 3797 1076 3879 perduret
1112 3795 1231 3870 fixum,

179 3899 216 3963 in
244 3898 310 3963 hac
334 3898 469 3963 cartula
494 3919 610 3964 coram
636 3899 830 3963 subnotatis
854 3897 1000 3961 testibus
1022 3913 1126 3957 manu
1154 3914 1235 3976 pro·

181 3997 259 4080 pria
283 3997 479 4062 dominicae
495 4000 606 4063 crucis
633 3998 784 4080 depingo
805 3998 955 4079 siguum,
979 4001 1013 4058 et
1035 4013 1131 4056 meac
1147 3994 1233 4058 ima-

181 4097 279 4177 ginis,
300 4097 446 4161 adnecto
468 4097 631 4180 sigillum.
678 4096 715 4161 Si
741 4098 819 4178 quis
841 4114 930 4178 quae
952 4113 974 4156 a
995 4113 1049 4156 me
1073 4094 1237 4157 canonice

1048 4208 1098 4252 »12
