2902 4890
421 370 593 419 CHARTAE
620 368 963 419 Anonosnxomcnn.
1158 359 1222 423 173

220 528 259 609 ›1‹
282 526 359 608 Ego
378 527 607 592 Eaduuardus
626 526 823 608 Anglorum
840 528 991 591 basileus
1008 529 1096 591 hanc
1115 530 1221 594 dona-

161 626 292 690 tionem
318 628 488 692 consensi.
546 629 585 710 ›1‹
609 626 685 708 Ego
711 626 877 710 Eadgyda
903 628 1024 709 regina
1051 632 1218 694 consensi.

169 727 208 808 ›1‹
229 725 304 808 Ego
325 727 518 791 Ealdredus
546 726 826 810 archiepiscopus
859 727 947 790 hane
973 746 1083 791 meam
1112 730 1219 794 dona·

162 825 290 889 tionem
314 825 488 891 confirmo.
547 828 585 909 ›1‹
607 827 682 907 Ego
699 826 906 891 Wulstanus
924 828 1116 908 episcopus.
1172 833 1212 911 ›1‹

164 923 239 1006 Ego
257 925 434 989 Walterus
465 927 658 1007 episcopus
749 927 787 1008 ›1‹
817 927 893 1006 Ego
919 925 1118 990 Leofwinus
1144 931 1217 1010 epi·

162 1043 299 1107 scopus.
368 1026 406 1107 ›1‹
435 1025 510 1106 Ego
528 1023 743 1106 AEgelwinus
770 1026 888 1088 abbas.
969 1029 1009 1107 ›1‹
1031 1027 1107 1106 Ego
1124 1028 1215 1091 Wil-

160 1130 283 1188 stanus
299 1125 417 1191 abbas.
475 1126 513 1204 >1⁴
529 1124 605 1205 Ego
621 1123 792 1188 Godricus
820 1126 939 1188 abbas.
990 1127 1028 1205 ›1‹
1047 1125 1122 1206 Ego
1139 1126 1216 1191 Ha·

161 1223 237 1287 rold
250 1225 335 1287 dux.
393 1224 531 1307 ›14Ego
547 1222 725 1287 Lcosricus
742 1223 826 1287 dux.
883 1226 921 1304 ›1‹
941 1223 1018 1304 Ego
1035 1224 1216 1306 Huhgelin

161 1321 328 1388 minister.
383 1326 423 1404 ›1‹
446 1323 591 1405 Signum
608 1322 796 1386 AEluuoldi.
855 1325 893 1403 ›1‹
914 1322 1056 1403 Signum
1065 1324 1214 1407 Wynsii.

166 1424 206 1503 ›1‹
229 1423 374 1503 Signum
393 1422 561 1504 Esegarii.
619 1426 657 1504 ›1‹
680 1422 824 1503 Signum
843 1421 1016 1486 Brihtrici.
1072 1426 1112 1504 ›1‹
1136 1424 1214 1506 Sig-

160 1541 243 1584 num
258 1522 431 1586 Siuuardi.
470 1522 665 1604 fflSignum
683 1520 844 1601 Osegodi.
883 1522 921 1600 >1⁴
934 1521 1076 1603 Signum
1097 1521 1214 1588 Azori.

166 1621 206 1700 ›1‹
230 1620 374 1703 Signum
403 1621 622 1686 Berhtuuini.
680 1622 718 1700 ›1‹
743 1620 886 1701 Signum
914 1621 1114 1701 Earngeati.
1168 1627 1208 1705 ›1‹

160 1719 305 1801 Signum
334 1720 479 1785 Orduui.
555 1720 643 1784 Cum
674 1719 814 1783 licentia
837 1720 1037 1784 Eaduuardi
1062 1722 1154 1804 regis
1180 1731 1215 1787 et

161 1818 313 1884 Haroldi
333 1821 442 1884 ducis.

551 2031 835 2097 noccxxrv.

462 2157 785 2259 *uinwmun
812 2181 909 2246 1066.

220 2321 260 2400 ›1‹
296 2318 342 2381 ΙΝ
380 2318 516 2381 nomine
548 2323 690 2380 sanctae
722 2324 757 2379 et
789 2316 986 2379 indiuiduas
1020 2317 1209 2381 trinitatis!

159 2417 236 2499 Ego
252 2417 466 2481 Eadwardus
483 2416 659 2480 AEdelredi
684 2416 775 2495 regis
805 2416 908 2492 filius,
926 2417 1040 2496 gratia
1065 2417 1118 2479 dei
1136 2415 1210 2480 An-

156 2517 293 2598 glorum
314 2537 389 2592 rex,
405 2516 529 2579 futuris
548 2522 627 2597 post
646 2536 700 2578 me
718 2515 856 2596 regibus
878 2524 913 2579 et
931 2516 1080 2578 omnium
1098 2516 1210 2597 digni-

156 2622 268 2679 tatum
293 2617 457 2697 gradibus
473 2616 692 2696 omniumque
718 2622 872 2677 aetatum
893 2614 1098 2690 hominibus,
1116 2617 1208 2678 saiu-

156 2722 227 2779 tem
243 2723 280 2779 et
296 2715 397 2780 huius
420 2716 470 2778 rei
497 2715 665 2778 notitiam.
729 2713 823 2777 Scire
848 2733 911 2777 uos
939 2712 1019 2776 uolo
1046 2715 1207 2795 quoniam

155 2821 311 2896 tempore
351 2833 493 2878 auorum
528 2833 681 2876 meorum
718 2812 895 2894 patrisque
927 2812 994 2875 mei
1033 2815 1143 2877 muita
1175 2823 1211 2879 et

153 2915 278 2996 grauia
292 2914 459 2977 bellorum
476 2912 628 2994 pericula
644 2911 840 2975 afflixerunt
855 2918 992 2993 gentem
1013 2910 1208 2994 Anglorum

154 3022 191 3078 et
207 3014 313 3095 ipsum
332 3021 403 3076 tam
422 3031 444 3075 a
460 3012 532 3076 suis
548 3030 651 3093 quam
670 3012 713 3074 ab
731 3013 905 3075 extraneis
923 3013 1106 3089 concitata,
1123 3013 1209 3077 adeo

155 3120 194 3178 ut
216 3132 304 3195 pene
325 3111 522 3194 periclitata
546 3111 592 3174 sit
618 3110 846 3174 haereditaria
872 3130 991 3191 regum
1023 3113 1208 3186 successio,

154 3231 388 3294 magnumque
426 3210 648 3274 interstitium
685 3210 774 3272 inter
804 3210 944 3272 fratrem
973 3228 1085 3270 meum
1118 3209 1208 3273 Ead-

154 3312 318 3375 mundum
342 3311 400 3393 qui
423 3310 515 3392 patri
531 3330 607 3373 meo
624 3316 759 3372 mortuo
777 3308 942 3372 suecessit
958 3327 1080 3388 meque
1109 3308 1206 3371 habi-

154 3418 229 3475 tum
245 3412 303 3488 sit,
319 3410 562 3473 inuadentibus
585 3429 729 3490 regnum
747 3407 930 3489 Suuegeno
951 3413 986 3470 et
1004 3406 1118 3471 Cnuto
1136 3407 1207 3471 filio
1327 3450 1330 3456 -

153 3511 258 3592 regis,
287 3511 427 3590 regibus
453 3509 643 3584 Danorum‚
671 3527 712 3571 ac
735 3507 814 3570 filiis
844 3507 953 3588 ipsius
973 3505 1103 3570 Ghnuti
1133 3507 1206 3571 Ha-

153 3611 251 3674 roldo
281 3618 317 3673 et
345 3608 614 3680 Hardechnut03
657 3627 678 3670 a
706 3607 830 3688 quibus
859 3605 962 3669 etiarn
996 3605 1084 3668 alter
1110 3628 1206 3671 meus

153 3709 261 3773 frater
272 3707 448 3772 AElsredus
471 3707 653 3772 crudeliter
679 3706 813 3769 occisus
843 3712 907 3780 est,
934 3705 1096 3786 solusque
1118 3708 1207 3771 sicut

154 3808 238 3873 Ioas
272 3807 475 3872 occisionem
506 3805 653 3869 Odoliae
683 3805 733 3867 sic
767 3824 832 3885 ego
863 3802 999 3866 illorum
1027 3805 1207 3868 erudelita-

153 3917 222 3973 tem
240 3909 346 3971 euasi.
406 3906 559 3970 Tandem
586 3912 744 3986 respectu
766 3902 1018 3966 misericordiae
1046 3903 1101 3965 dei
1127 3913 1206 3985 post

152 4009 270 4091 plures
298 4026 407 4070 anuos
438 4026 503 4088 ego
531 4004 743 4067 Eadwardus
774 4002 817 4065 ad
849 4010 1029 4083 paternum
1062 4023 1205 4083 regnum

152 4107 332 4183 reaccessi,
361 4113 397 4170 et
428 4125 468 4168 eo
501 4103 632 4185 potitus
660 4104 735 4166 sine
770 4100 840 4164 ulio
874 4102 1039 4164 bellorum
1073 4102 1202 4180 labore,
