2902 4890
449 365 621 413 curarim
647 365 986 415 nucnosnxomean.
1228 349 1250 410 7

199 519 363 602 quioquid
380 539 527 603 usquam
544 531 609 600 est,
628 529 689 587 ant
708 523 744 586 iu
762 523 896 604 superis
913 541 1096 599 summum,
1111 521 1248 603 quodne

199 620 345 682 caeteris
369 639 549 685 amoenum
576 622 739 686 ineffabili
771 623 962 686 maiestatis
993 641 1075 686 suae
1104 620 1248 703 imperio

199 716 292 781 facta
317 719 390 783 fore
419 720 509 785 fecit.
572 720 716 785 Coelum
746 723 873 804 quippe
901 729 939 785 ut
964 722 1106 785 ueridici
1135 728 1249 784 stoma

198 818 387 898 prophetae
400 821 510 901 perite
527 820 657 902 profert
665 821 815 898 domiuo,
830 821 999 898 tellurem,
1015 820 1158 896 scilicet,
1169 820 1248 883 filiis

198 915 373 981 hominum
391 919 524 994 diuisit3
554 928 738 1002 postquam
755 940 837 984 uero
854 921 1114 1003 protoplaustus
1130 939 1248 983 amaro

200 1017 300 1080 uetiti
319 1020 513 1099 gustamine
530 1021 612 1083 mali
629 1027 850 1101 pracceptum
867 1019 995 1084 heriale
1012 1021 1047 1083 in
1064 1019 1247 1083 obliuionis

199 1120 454 1198 transgressum
469 1119 680 1200 praeteriens
689 1119 905 1200 negligenter
915 1119 1247 1200 floccipenditsoeli-

199 1216 593 1298 cemqueParadisiaoae
606 1219 828 1282 iocunditatis
840 1224 1050 1282 uetustatem
1056 1218 1249 1300 lugubriter

199 1315 325 1392 amisit,
344 1316 524 1397 ignoratur
545 1318 722 1402 hucusque
748 1318 831 1401 quid
854 1338 917 1399 pro
932 1317 1030 1381 dolor
1052 1317 1147 1394 mali,
1163 1318 1246 1400 quid

199 1416 403 1494 moestitiae,
420 1417 502 1498 quid
517 1419 695 1495 moeroris
708 1417 790 1501 quid
805 1418 957 1499 angoris,
975 1416 1102 1499 quidue
1119 1416 1247 1480 doloris
1276 1442 1279 1448 ·

200 1513 388 1579 humanum
416 1536 616 1598 perpessum
645 1518 691 1581 sit
716 1536 837 1598 genuS,
859 1518 903 1580 ob
927 1516 1013 1579 illud
1031 1516 1123 1597 quod
1150 1523 1247 1580 aute·

199 1633 353 1678 cessores
385 1615 539 1680 fecerant
563 1616 687 1680 scelus.
751 1616 819 1680 Sed
843 1616 982 1679 tandem
1006 1616 1249 1680 omnicreantis

199 1713 258 1795 pia
285 1714 413 1778 domini
442 1717 623 1779 clementia
654 1715 857 1779 mortalibus
887 1715 1083 1796 benigniter
1114 1715 1248 1778 miseri·

199 1814 416 1897 corditerque
433 1815 600 1896 permisit,
612 1816 776 1898 quatinus
791 1815 935 1878 terrenis
952 1813 1070 1877 mundi
1086 1834 1247 1896 pragma·

198 1913 291 1976 tibus
313 1914 439 1978 coalita
459 1915 604 1978 mercari
629 1915 771 1978 ualeant
793 1914 956 1995 tripudia,
978 1921 1083 1996 atque
1104 1913 1165 1996 qui
1186 1934 1249 1995 per

198 2013 280 2076 boni
313 2014 426 2095 operis
455 2014 604 2078 fructum
637 2015 833 2096 peruenerit
859 2021 894 2077 et
927 2015 963 2077 in
989 2032 1113 2077 aeuum
1141 2013 1247 2077 foelix

199 2114 273 2176 sine
298 2112 366 2176 fine
388 2115 551 2178 manebit.
595 2113 712 2177 Huius
732 2113 900 2177 amandae
917 2112 1113 2177 foelicitatis
1136 2112 1248 2193 gloria

198 2213 401 2277 cordetenus
416 2213 580 2278 ineffabili
602 2214 806 2289 delectatus,
821 2233 887 2294 ego
905 2212 1006 2275 Knut
1020 2213 1152 2276 telluris
1168 2211 1246 2275 Bri-

198 2314 338 2377 tanniae
360 2313 467 2376 totius
489 2312 651 2394 largiflua
672 2313 727 2376 dei
751 2313 865 2394 gratia
886 2313 1090 2393 subpetente
1112 2313 1248 2375 subtro-

197 2413 332 2476 nizatus
356 2432 418 2476 rex
441 2432 481 2476 ac
505 2420 629 2490 rector,
648 2412 782 2476 cuidam
799 2431 876 2475 meo
901 2411 1069 2487 ministro,
1092 2411 1245 2492 appella-

196 2514 287 2576 mine
302 2511 500 2592 Agemund,
518 2519 693 2576 aeternam
719 2511 756 2575 in
778 2511 1024 2574 haereditatem
1047 2512 1111 2573 sub
1132 2518 1247 2592 potes-

198 2614 279 2676 tatis
295 2632 392 2675 meae
408 2612 587 2694 regimine,
604 2613 754 2694 aliquam
780 2611 942 2693 impendo
966 2617 1122 2674 terrenae
1141 2611 1246 2692 parti-

197 2712 309 2776 culam
324 2713 525 2789 mansionis,
542 2712 674 2777 scilicet
690 2728 780 2776 ‚xva
793 2718 949 2776 cassatos
966 2711 1010 2773 ab
1024 2710 1145 2773 incolis
1163 2712 1245 2775 esti·

197 2819 339 2888 matam,
356 2810 392 2873 in
418 2811 486 2875 loci
510 2813 619 2894 ipsius
641 2812 859 2882 habitamine
877 2809 969 2894 quod
985 2810 1135 2890 regionis
1152 2809 1245 2874 illius

195 2911 334 2975 accolae
350 2910 583 2976 Cheselburne
605 2912 742 2974 nomine
759 2911 862 2974 solito
884 2916 1087 2991 nuncupant
1112 2910 1148 2972 in
1172 2929 1245 2974 cos-

195 3031 264 3089 mo,
287 3011 530 3094 scedulamque
557 3012 660 3075 istam
688 3011 739 3074 illi
765 3011 932 3074 adnotare
958 3009 1132 3086 mandaui,
1159 3029 1245 3091 qua·

194 3111 287 3175 tinus
305 3112 501 3175 calcetenus
524 3111 716 3194 praefatum
741 3130 800 3173 rus
823 3110 1016 3193 possideat;
1036 3115 1185 3191 postque
1207 3128 1244 3172 se

195 3212 398 3293 cuicumque
419 3211 569 3275 uoluerit
591 3210 781 3274 liberaliter
807 3211 881 3273 iure
898 3210 1072 3291 relinquat
1089 3208 1244 3272 haeredi-

194 3312 294 3375 tario.
352 3311 496 3374 Maneat
531 3310 639 3390 igitur
670 3310 736 3373 hoc
771 3329 883 3372 meum
916 3307 1078 3371 inmobile
1116 3306 1244 3371 donum

195 3417 336 3475 aeterna
366 3411 525 3474 libertate
553 3409 750 3486 iocundum,
784 3429 862 3472 cum
894 3408 1050 3470 omnibus
1081 3425 1170 3488 quae
1198 3408 1243 3470 ad

195 3512 271 3593 ipsa
297 3510 374 3574 loca
399 3510 570 3592 pertinere
595 3509 829 3584 dinoscuntur,
850 3513 921 3571 tam
950 3507 986 3569 iu
1009 3507 1100 3569 notis
1128 3507 1242 3571 causis

194 3629 297 3692 quam
317 3610 458 3690 ignotis,
475 3610 510 3672 iu
526 3610 662 3691 magnis
687 3609 774 3673 etin
791 3606 946 3683 modicis,
963 3607 1105 3688 campis,
1122 3607 1242 3687 pratis,

194 3709 343 3792 pascuis,
360 3710 532 3774 communi
548 3710 665 3773 labore
690 3715 850 3790 excepto,
873 3707 1104 3788 expeditione,
1125 3707 1242 3787 pontis

194 3810 327 3874 arcisue
344 3809 547 3873 munitione.
594 3808 662 3873 Sed
679 3816 794 3874 tamen
813 3813 990 3889 torpentes
1006 3806 1172 3869 auaritiae
1189 3806 1241 3869 in·

193 3928 310 3975 cessus
324 3909 518 3973 omnimodo
532 3909 567 3972 iu
583 3909 720 3972 nomine
735 3906 805 3990 agii
821 3907 1006 3971 saluatoris
1023 3906 1066 3968 ab
1083 3907 1241 3970 omnibus

192 4009 371 4088 interdico,
389 4031 430 4075 eo
451 4010 611 4074 uidelicet
633 4017 764 4086 tenore,
783 4015 823 4072 ut
840 4027 952 4071 meum
975 4006 1101 4069 donum
1124 4025 1240 4070 corro-

192 4098 351 4174 boratum
373 4112 439 4189 sit;
467 4111 570 4176 etiam
596 4111 626 4174 si
648 4109 726 4193 quis
753 4109 859 4173 alium
884 4108 1064 4189 antiquum
1087 4106 1240 4171 libellum
