2902 4890
190 367 255 432 134
454 386 626 434 ournrnn
649 382 991 433 nncnosnxoruonu.

192 541 354 620 concedo,
377 545 561 608 obsecrans
589 553 624 608 et
647 541 860 627 praecipiens
882 543 918 606 in
943 541 1080 606 nomine
1103 539 1246 616 Christi,

192 652 232 706 ut
260 663 359 707 nemo
390 664 627 709 successorum
660 652 856 708 nostrorum
889 643 1074 726 superioris
1106 641 1247 705 inferio-

193 744 286 806 risue
318 744 447 825 gradus
476 744 541 808 hoc
575 752 715 809 nostrae
747 743 941 808 deuotionis
972 744 1098 807 donum
1128 741 1248 824 aliquo

194 844 397 908 temeritatis
425 844 643 926 aliquatenus
673 843 840 908 instinctu
872 840 1056 926 dirumpat.
1107 840 1145 905 Si
1168 841 1248 924 quis

194 961 277 1024 ergo
310 943 416 1007 alium
449 944 640 1009 libellulum
668 944 777 1008 falsae
805 944 1005 1026 cupiditatis
1036 948 1247 1006 attramento

193 1043 457 1125 praetitulatum
484 1052 605 1109 contra
629 1046 735 1108 istum
762 1042 798 1109 in
822 1044 939 1127 palam
966 1040 1160 1126 protulerit,
1183 1060 1249 1105 nec

195 1141 261 1206 sibi
285 1162 347 1207 nec
377 1162 461 1208 suae
489 1144 648 1227 proficiat
674 1143 854 1222 auaritiae,
873 1143 934 1208 sed
958 1162 980 1207 a
1001 1143 1118 1207 diuino
1141 1143 1188 1206 sit
1211 1142 1249 1205 in

196 1249 399 1324 perpetuum
425 1244 620 1328 perforatus
652 1243 844 1326 graphiolo,
872 1251 908 1308 et
933 1244 1009 1327 ipse
1030 1260 1107 1306 meo
1140 1249 1248 1325 atque

196 1361 350 1406 meorum
372 1344 558 1409 interdictu
579 1344 779 1427 pontificum
802 1351 1004 1429 permaneat
1020 1342 1252 1407 anathemati-

197 1449 308 1520 zatus,
321 1451 356 1508 et
369 1463 392 1508 a
406 1444 670 1509 christianorum
687 1445 862 1508 consortio
879 1444 1062 1521 alienatus,
1073 1443 1216 1525 insuper
1229 1460 1252 1506 a

197 1561 341 1625 corpore
362 1553 398 1609 et
416 1544 586 1627 sanguine
604 1545 732 1609 domini
751 1551 1001 1626 sequestratus,
1017 1551 1053 1607 et
1073 1544 1110 1606 in
1128 1542 1250 1625 poenis

196 1641 419 1709 infernalibus
437 1652 517 1727 post
534 1645 664 1711 obitum
682 1645 923 1709 miserabiliter
939 1644 1157 1726 dampnatus.
1203 1639 1251 1706 Et

198 1750 238 1807 ut
260 1743 438 1825 praefatae
461 1742 602 1808 telluris
618 1744 787 1809 ruricolae
808 1743 1005 1808 inuiolabile
1026 1744 1132 1808 robur
1148 1743 1253 1806 liber·

201 1843 283 1907 tatis
299 1863 434 1926 semper
445 1845 600 1910 obtinere
610 1845 753 1910 ualeant
763 1845 872 1926 regali
888 1844 1048 1908 libertate
1060 1851 1251 1926 suutprae-

199 1944 289 2025 septi
305 1945 349 2006 ab
367 1944 461 2008 omni
475 1944 643 2008 saeculari
660 1946 756 2026 iugo,
767 1944 923 2027 exceptis
942 1945 1045 2008 trium
1060 1963 1174 2007 rerum
1193 1944 1252 2007 ob-

200 2044 342 2126 sequiis,
354 2043 575 2128 expeditione
592 2045 724 2109 scilicet
738 2043 897 2128 populari
911 2043 1042 2122 uiatici,
1052 2044 1252 2108 fundatione

199 2144 329 2226 pontis,
346 2146 480 2208 arcisue
497 2144 694 2209 conditione
707 2144 844 2226 regalis.
891 2143 996 2208 Nunc
1011 2164 1095 2208 uero
1111 2144 1251 2208 dicend-

201 2264 259 2309 um
287 2251 341 2309 est
368 2245 528 2327 qualibus
561 2245 700 2309 uidetur
733 2243 888 2309 terminis
920 2245 1097 2328 praedicta
1130 2244 1254 2309 adesse

200 2353 294 2410 terra
316 2345 558 2409 circumcincta
583 2345 820 2409 determinata.
872 2345 936 2407 Dis
952 2345 1030 2407 sind
1046 2350 1093 2408 aa
1109 2344 1254 2426 landge-

202 2443 304 2508 msera
325 2434 364 2508 to
383 2444 575 2508 Sandforda
590 2464 635 2508 on
648 2432 731 2509 bam
751 2431 946 2526 gem'annan
968 2443 1079 2508 lande.
1133 2447 1254 2510 AErest

202 2545 242 2610 of
267 2545 529 2618 stubbucwere;
574 2532 649 2609 swa
674 2549 761 2608 nor’d
791 2544 887 2608 aet'ter
914 2534 1009 2609 affine
1034 2545 1180 2610 Temese
1210 2547 1254 2610 be

202 2644 339 2708 healfan
366 2635 494 2707 streme
527 2634 603 2708 into
634 2644 842 2708 Sandfordes
869 2644 973 2722 laece3
1002 2632 1077 2709 swa
1100 2645 1255 2728 andlang

201 2734 296 2809 ’efflue
314 2744 388 2807 lace
405 2733 480 2807 into
499 2740 711 2821 Sandforda3
737 2743 778 2808 of
789 2742 982 2808 Sandforda
1004 2732 1082 2808 east
1101 2747 1256 2828 andlang

200 2843 292 2908 deire
311 2843 386 2906 lace
408 2834 459 2925 fip
480 2833 518 2907 t6
538 2842 712 2924 feruniges
731 2831 901 2922 heafdon3
926 2843 982 2923 [of
994 2844 1143 2926 ferniges
1158 2836 1255 2910 heaf-

202 2943 288 3025 don]
316 2933 366 3024 ἥρ
388 2943 470 3030 burh
493 2947 584 3007 done
613 2933 690 3009 mor
710 2930 788 3007 east
810 2932 886 3009 into
908 2933 1005 3008 tta‘ere
1030 2934 1149 3019 stram
1184 2945 1254 3010 and

203 3043 273 3107 swa
295 3034 364 3107 sfr’d
388 3042 541 3125 andlang
562 3032 658 3108 affine
685 3033 785 3108 strffit
812 3032 889 3107 into
914 3034 1166 3109 bealdanhema
1193 3066 1256 3128 ge·

204 3134 329 3218 marm
364 3143 431 3207 and
459 3144 529 3208 sui
558 3149 644 3208 west
662 3144 814 3225 andlang
835 3133 1002 3224 gemffires
1024 3134 1099 3208 into
1120 3146 1256 3210 niwen-

204 3243 312 3308 hsbma
338 3243 500 3324 gemuere3
531 3244 601 3307 and
623 3232 698 3308 swa
720 3242 872 3324 andlang
893 3233 1061 3324 gemffires
1084 3264 1129 3308 on
1148 3237 1256 3311 sfi'de·

206 3344 341 3408 wearde
363 3335 547 3427 hoohylle3
587 3344 627 3408 of
649 3335 809 3426 hochylle
836 3344 906 3408 swa
929 3350 1015 3407 west
1042 3362 1088 3405 on
1121 3346 1256 3427 geribte

205 3444 255 3509 eft
277 3464 323 3507 on
345 3444 593 3508 stubbucwere.
645 3442 739 3509 Acta
757 3450 811 3508 est
829 3442 914 3506 haec
932 3442 1091 3525 praefata
1113 3444 1257 3511 donatio

206 3561 298 3607 anno
333 3543 377 3605 ab
412 3543 651 3607 incarnatione
685 3542 814 3608 domiui
847 3543 958 3606 nostri
991 3541 1096 3608 Ihesu
1126 3543 1258 3611 Christi

208 3641 377 3708 .n⁰.n1111⁰.
395 3641 448 3705 his
463 3642 759 3706 subscribentibus
775 3643 933 3708 testibus,

260 3744 299 3823 ›1‹
320 3741 397 3822 Ego
412 3740 639 3805 Eaduuardus
655 3760 717 3807 rex
731 3741 925 3824 Anglorum
942 3741 1135 3825 praefatam
1151 3742 1257 3808 dona·

206 3842 335 3907 tionem
358 3841 543 3922 subsigno
568 3850 710 3907 sanotae
732 3843 843 3906 crucis
867 3842 1153 3906 indeclinabiliter
1175 3862 1258 3908 con·

81 4026 85 4032 ·
205 3943 298 4006 sensi
314 3947 420 4022 atque
437 3941 605 4005 roboraui.
667 3944 706 4023 ›1‹
723 3942 797 4023 Ego
813 3941 963 4005 Eadsius
980 3941 1260 4008 Dorobornensis

206 4041 393 4105 aecclesiae
411 4041 689 4123 archiepiscopus
706 4042 857 4106 eiusdem
881 4042 974 4123 regis
991 4042 1119 4105 donum
1143 4044 1259 4125 sigillo

205 4148 346 4204 sanotae
360 4142 471 4204 crucis
487 4141 685 4223 subscripsi.
742 4143 781 4222 ›1‹
798 4142 875 4223 Ego
892 4142 1079 4223 Stigandus
1104 4144 1258 4227 episcop
