2902 4890
194 358 239 423 46
452 372 625 422 curasan
647 370 989 420 succosaxomonu.

645 625 808 692 DCCLI.

590 776 740 856 CNUT,
765 777 862 842 1033.

252 930 291 1012 ›1‹
327 927 546 994 Conarautu
574 947 637 992 nos
667 946 788 992 sacrae
820 923 1037 990 auctoritatis
1067 923 1257 1008 scriptura,

198 1030 327 1106 dicens,
344 1036 354 1068 ‘
371 1027 496 1094 Nudus
519 1047 679 1110 egressus
704 1048 782 1091 sum
810 1026 853 1092 de
876 1033 975 1091 utero
997 1025 1118 1089 matris
1143 1044 1257 1102 meae,

195 1138 231 1195 et
264 1130 376 1194 nudus
413 1135 570 1192 reuertar
602 1128 685 1192 illuc
699 1127 722 1205 3¹
773 1133 808 1191 et
849 1127 987 1202 iterum,
1021 1124 1163 1190 ‘Nichil
1197 1125 1254 1189 in·

192 1231 334 1296 tulimus
359 1229 396 1292 in
424 1228 515 1291 hunc
538 1228 714 1305 mundum,
744 1246 865 1291 uerum
893 1246 956 1291 nec
978 1225 1112 1289 auferre
1136 1225 1179 1289 ab
1209 1244 1254 1289 eo

194 1331 278 1415 quid
303 1328 492 1413 poterimus
508 1328 528 1392 l'
590 1327 814 1411 Quapropter
829 1325 951 1391 lubrici
968 1331 1166 1408 potentatus
1180 1344 1254 1389 non

193 1430 383 1506 immemor,
408 1449 473 1511 ego
492 1426 597 1506 Cnut,
614 1427 754 1492 Christo
778 1425 987 1503 conferente,
1000 1444 1062 1488 rex
1085 1432 1122 1490 et
1137 1423 1255 1508 primi·

193 1530 305 1594 cerins
330 1529 443 1593 tocius
464 1526 623 1593 Albionis
647 1528 744 1610 regni
768 1527 944 1608 fastigium
973 1524 1094 1589 humili
1119 1525 1254 1607 praesi-

195 1630 279 1694 dens
303 1629 429 1705 animo,
455 1628 500 1691 ob
524 1628 832 1692 remunerationem
854 1626 995 1691 maioris
1021 1625 1165 1708 praemii
1186 1624 1254 1689 ali·

194 1728 397 1813 quantulam
421 1728 511 1791 ruris
535 1728 740 1811 particulam
768 1728 877 1792 tribus
908 1731 1144 1809 comparatum
1173 1743 1254 1789 cas-

195 1829 282 1894 satis
299 1829 336 1892 in
356 1828 433 1892 loco
451 1828 506 1892 oui
526 1828 730 1892 uocabulum
750 1834 845 1891 certa
862 1825 1106 1909 astipulatione
1120 1823 1253 1907 Mytun

193 1929 377 2012 profertur,
395 1928 440 1991 ad
460 1928 661 1992 aecclesiam
685 1928 808 1992 beatae
833 1926 968 1991 Mariae
995 1925 1171 2008 genitricis
1193 1925 1253 1989 dei

195 2049 236 2094 ac
259 2028 388 2092 domini
410 2028 519 2092 nostri
542 2027 647 2092 lhesu
671 2026 802 2093 Christi
823 2027 859 2090 in
877 2027 954 2092 loco
978 2026 1039 2109 qui
1055 2023 1253 2090 Abbendun

193 2129 330 2206 dicitur,
346 2128 503 2193 Siwardo
520 2128 638 2192 abbati
660 2127 893 2211 fratribusque
909 2126 1036 2192 ibidem
1053 2126 1118 2190 deo
1139 2123 1252 2189 serui-

192 2232 328 2295 entibus
354 2229 501 2294 libenter
526 2228 688 2307 concedo,
713 2228 896 2292 obsecrans
919 2235 956 2292 et
978 2225 1191 2310 praecipiens
1213 2225 1253 2291 in

193 2330 329 2395 nomine
345 2329 475 2394 Christi
490 2337 531 2395 ut
549 2349 650 2394 nemo
673 2347 908 2393 successorum
929 2332 1125 2392 nostrorum
1146 2343 1254 2408 supe-

194 2431 295 2495 rioris
311 2430 369 2493 uel
384 2429 554 2494 inferioris
570 2429 700 2512 gradus
722 2429 787 2493 hoc
809 2435 948 2492 nostrae
975 2425 1171 2491 deuotionis
1188 2425 1253 2491 do-

195 2551 278 2594 num
300 2529 418 2611 aliquo
439 2529 644 2593 temeritatis
670 2529 888 2611 aliquatenus
915 2527 1080 2592 instinctu
1101 2525 1252 2589 disrum-

194 2636 267 2712 pat.
295 2629 349 2693 Sit
362 2634 477 2692 autem
493 2628 706 2710 praedictum
724 2647 784 2692 rus
795 2628 887 2693 omni
899 2635 1052 2692 terrenae
1069 2624 1252 2691 seruitutis

193 2728 277 2810 iugo
299 2729 457 2804 liberum,
476 2727 584 2791 tribus
607 2729 774 2811 exceptis,
798 2736 887 2806 rata,
914 2727 1087 2804 uidelicet,
1105 2726 1251 2808 expedi-

194 2829 299 2902 tione,
326 2827 441 2909 pontis
472 2827 605 2891 arcisue
634 2827 894 2892 restauratione.
959 2828 996 2891 si
1030 2827 1109 2908 quis
1142 2826 1254 2907 igitur

193 2927 284 2992 hanc
307 2934 460 2991 nostram
476 2927 694 2993 donationem
715 2928 749 2991 in
773 2926 867 2991 aliud
886 2947 990 3010 quam
1008 2925 1255 2991 constituimus

195 3027 380 3093 transferre
412 3026 573 3106 uoluerit,
608 3027 767 3111 priuatus
803 3028 975 3092 consortio
1013 3033 1155 3091 sanctae
1194 3026 1252 3093 dci

194 3127 382 3192 aecclesiae
399 3129 546 3191 aeternis
566 3127 720 3192 barathri
744 3127 909 3192 incendiis
930 3127 1059 3209 iugiter
1074 3127 1254 3211 puniatur,

195 3228 311 3293 sinon
331 3226 566 3293 satisfactione
586 3229 819 3293 emendauerit
840 3247 994 3309 congrua
1016 3226 1107 3310 quod
1129 3234 1254 3294 contra

194 3336 350 3393 nostrum
381 3328 526 3411 deliquit
558 3329 744 3393 decretum.
812 3328 849 3391 Si
880 3328 958 3410 quis
992 3347 1076 3391 uero
1111 3326 1254 3392 inuidus

193 3427 378 3510 igniuomis
393 3428 625 3511 philargyriae
642 3427 789 3492 flammis
806 3446 980 3502 accensae,
1001 3426 1082 3491 huic
1097 3427 1252 3493 ueridica

192 3528 346 3593 libellulo
360 3527 465 3592 alium
478 3528 890 3592 circum-atramentatum
903 3526 1103 3610 cupiditatis
1116 3526 1253 3592 fallatia

192 3628 346 3693 libellum
374 3627 654 3711 superimponere
681 3634 826 3692 conatus
851 3628 966 3705 fuerit,
990 3627 1037 3692 sit
1066 3626 1253 3692 anathema

193 3727 409 3806 maranatha,
423 3727 488 3792 hoc
502 3733 568 3805 est,
581 3727 743 3791 alienatio
755 3746 777 3791 a
789 3728 961 3793 consortio
971 3727 1252 3805 christianorum,

193 3828 301 3892 donec
330 3828 535 3911 resipiscens
558 3827 734 3910 poeniteat
762 3828 910 3911 quadiu
937 3828 1088 3891 inuidiae
1114 3827 1253 3892 fallacis

192 3927 303 3992 liuore
324 3929 499 4010 probarat.
553 3926 621 3991 His
649 3927 750 3992 metis
775 3927 968 4010 praefatum
985 3946 1045 3992 rus
1069 3927 1252 3993 hincinde

193 4034 348 4110 gyratur.
409 4027 473 4090 Dis
512 4027 589 4090 sind
618 4029 702 4092 bara
733 4044 799 4092 .111.
827 4028 908 4092 hida
936 4016 1172 4110 landgemffira
1203 4035 1253 4093 aet

193 4116 353 4210 Mytstnc.
402 4128 520 4191 AErest
540 4146 585 4191 on
608 4127 786 4193 leomenan
807 4128 825 4191 ἓ
848 4128 890 4194 be
915 4127 1054 4193 healfon
1077 4117 1247 4203 stream&
