2902 4890
192 354 261 420 280
456 373 628 423 ennarna
651 368 993 420 nrenosnxomonn.

197 534 415 616 gewitnesse,
437 538 510 597 aaet
526 532 556 596 is
580 530 669 596 fehta
690 549 832 614 gangan
854 550 899 593 on
923 528 977 593 his
997 518 1142 593 frebnda
1159 525 1250 590 hand

198 634 272 698 oser
288 634 341 699 his
358 635 437 716 (leg,
455 652 493 696 se
510 623 567 696 del
587 639 632 697 ite
648 631 692 696 he
707 634 834 711 cwebe,
849 631 918 703 and
935 649 972 695 se
994 620 1078 696 ὅθεν
1093 616 1162 693 daal
1176 618 1252 692 into

195 724 291 801 ‘acere
308 726 418 801 stowe
433 723 504 798 bar
519 723 558 797 hi
572 737 701 798 restae.

665 918 786 931 ..-

576 1028 881 1097 nccccxmn

626 1146 831 1247 annaio.

260 1327 299 1408 ›1‹
323 1325 392 1392 Drs
421 1323 569 1391 fcrward
597 1344 669 1390 was
698 1321 815 1387 makid
838 1321 906 1387 wid
928 1312 1055 1387 Ordric
1087 1321 1252 1402 hordere;

203 1425 276 1492 Dat
301 1445 339 1490 es
362 1423 421 1490 bat
445 1415 510 1491 mle
527 1446 606 1489 man
627 1425 664 1488 in
689 1430 809 1488 sancte
827 1412 1046 1487 Eadmundes
1070 1424 1146 1507 byri
1169 1415 1254 1488 hsrs-

201 1526 271 1591 fast
287 1547 332 1591 on
355 1527 408 1590 his
431 1547 506 1590 owe
523 1525 605 1589 land
627 1524 680 1589 sal
705 1524 798 1606 gisen
828 1523 861 1587 to
879 1529 924 1589 tte
952 1523 1134 1604 halegenes
1160 1523 1253 1589 bide-

201 1627 276 1709 ripe
301 1632 346 1693 tte
373 1626 500 1691 hordor
528 1616 575 1691 611
605 1625 685 1709 peni
712 1630 750 1689 at
773 1624 991 1688 Petermasse
1018 1643 1063 1688 on
1090 1623 1254 1706 ginningc

201 1727 360 1807 hernestr
384 1747 429 1791 an
451 1746 511 1791 sea
531 1732 594 1791 ttat
609 1727 654 1790 sit
670 1746 715 1790 on
731 1715 950 1790 fideres‘land
971 1743 1032 1789 sea
1046 1725 1139 1788 sceal
1158 1724 1251 1806 gisen

202 1847 270 1893 oan
294 1827 433 1910 halpeni
456 1828 510 1892 sor
525 1832 589 1891 sat
614 1826 657 1890 he
680 1825 769 1890 aalle
786 1825 926 1889 scolden
947 1844 1066 1888 sceren
1089 1829 1135 1889 tte
1161 1825 1254 1889 hale-

202 1947 309 2010 genes
336 1947 428 1994 corn.
482 1928 589 1992 Fram
610 1927 666 1993 rtis
690 1925 783 1991 sceal
805 1915 912 1990 nmfre
937 1915 983 1990 n6
1009 1944 1098 1988 maen
1117 1926 1160 1989 be
1175 1918 1256 2019 seyr

203 2020 316 2092 bfiton
340 2034 460 2092 sancte
478 2016 719 2092 Eademundes
744 2029 853 2111 bewes
871 2025 938 2090 and
953 2045 1014 2090 sea
1033 2032 1152 2108 enytes
1169 2026 1257 2108 sigen

205 2147 290 2192 nure
310 2116 379 2192 and
401 2133 446 2193 rte
468 2120 626 2211 preostes
652 2127 707 2191 ine
728 2124 787 2192 bes
815 2126 937 2216 singen
963 2134 1001 2191 at
1020 2131 1067 2190 tto
1083 2127 1255 2210 wyuedes.

206 2227 286 2294 God
317 2229 442 2293 seonde
474 2229 577 2293 heore
614 2229 747 2293 srieond
776 2215 821 2293 ee
847 2227 986 2291 worden
1020 2232 1139 2291 sancte
1166 2215 1257 2291 Ead-

205 2330 320 2396 mund.

673 2423 792 2436 —

525 2502 527 2505 ’
599 2530 882 2611 nccccxnv.

456 2668 661 2762 bswonr
684 2713 759 2761 mn
783 2692 1037 2762 sasamon.

264 2830 303 2910 >1⁴
329 2827 436 2891 Hanc
459 2835 513 2892 est
539 2828 674 2892 cartula
700 2846 788 2911 quae
817 2828 1031 2893 demonstrat
1060 2829 1260 2896 conuentio-

208 2947 286 2991 nem
314 2927 409 2990 illam
432 2946 535 3009 quam
562 2927 718 2991 fecerunt
736 2927 912 2992 Oswulfus
936 2936 972 2993 et
993 2929 1148 2994 AEcilim
1171 2950 1261 2996 uxor

208 3047 372 3091 succum
395 3027 533 3091 domino
560 3028 685 3091 abbate
709 3026 896 3092 Leofstano
924 3036 961 3093 et
982 3029 1158 3094 monachis
1184 3051 1262 3096 aec-

153 3149 155 3153 ‘
209 3128 335 3193 olesiae
366 3128 477 3191 sancti
504 3126 644 3206 Albani,
668 3127 806 3212 quando
834 3129 1042 3194 introierunt
1072 3130 1108 3193 in
1137 3130 1262 3195 frater-

211 3228 354 3292 nitatem
376 3227 524 3294 illorum.
576 3229 754 3293 Dederunt
775 3235 890 3293 autem
911 3228 1068 3312 inprimis
1086 3228 1263 3296 Oswulfus

212 3336 248 3392 et
261 3326 418 3392 AE’oeliba
433 3347 523 3392 uxor
544 3348 608 3393 sua
622 3329 759 3393 domino
777 3329 895 3393 abbati
913 3328 1099 3394 Leofstano
1113 3337 1148 3394 et
1165 3351 1263 3396 mon-

212 3428 307 3492 achis
337 3427 523 3491 aecclesiae
555 3429 666 3493 sancti
697 3426 837 3513 Albani
861 3427 905 3492 ad
933 3430 1112 3494 introitum
1140 3430 1263 3495 frater·

213 3527 333 3595 nitatis
356 3527 551 3591 eorumdem
575 3535 715 3610 propter
737 3528 914 3592 caritatem
934 3521 1030 3594 ,ΠΨ
1045 3530 1187 3608 solidos,
1204 3533 1265 3596 ob-

213 3629 435 3710 tuleruntque
462 3627 526 3690 deo
552 3647 593 3691 ac
619 3635 741 3692 sancto
763 3629 837 3692 eius
858 3629 1003 3712 martyri
1028 3629 1166 3694 Albano
1188 3651 1266 3696 cum

214 3747 342 3810 magna
364 3727 548 3791 deuotione
571 3727 666 3789 iliam
688 3733 817 3791 terram
838 3747 928 3810 quae
951 3729 1077 3794 dicitur
1098 3736 1145 3794 aet
1162 3730 1266 3795 Stod-

215 3828 294 3892 ham
317 3827 419 3891 sicuti
443 3827 510 3910 ipsi
531 3826 636 3921 illam
651 3846 693 3891 ea
714 3827 770 3891 (lie
788 3828 910 3893 melius
927 3830 1152 3911 possiderent.
1208 3831 1267 3895 Id-

216 3940 283 4011 'que
305 3927 433 3991 sactum
456 3934 510 3992 est
530 3946 607 3991 cum
631 3945 799 3992 consensu
819 3947 866 3992 ac
893 3915 1035 3994 licentia
1059 3930 1152 4012 regis
1177 3930 1290 3995 Ead-.

215 4026 344 4091 weardi
370 4035 474 4111 atque
509 4027 648 4109 reginae
678 4025 881 4110 Eadgyttaa
908 4030 1041 4094 scilicet
1070 4037 1109 4094 ut
1135 4037 1170 4094 et
1200 4032 1267 4114 ipsi

216 4127 401 4210 participes
433 4134 549 4192 essent
569 4127 670 4192 istius
692 4127 774 4191 doni
796 4134 831 4192 et
853 4129 1088 4195 retributionis
1115 4131 1266 4198 eiusdem
