2902 4890
449 389 621 436 0000000
647 391 987 443 auouosnxourcuu.
1208 377 1251 439 53

629 648 826 715 uoomv.

443 775 743 876 000000000),
765 799 999 863 000-0000.

248 946 357 1028 »1410
390 947 528 1010 nomine
561 947 690 1010 domini
719 947 829 1011 nostri
853 946 959 1011 Ihesu
977 946 1128 1011 Christi!
1169 948 1245 1029 Ego

195 1044 408 1128 AEgelnodus
430 1054 604 1129 peccator,
621 1066 742 1110 seruus
762 1066 940 1110 seruorum
957 1046 1024 1124 dei,
1040 1054 1075 1110 et
1091 1046 1246 1111 minister

193 1146 381 1210 aecclesiae
416 1146 554 1224 Christi,
581 1144 775 1228 Anglorum
805 1166 942 1229 quoque
973 1146 1054 1210 licet
1084 1146 1245 1228 indignus

194 1245 483 1329 archiepiscopus,
515 1253 634 1310 notum
671 1245 753 1310 uolo
792 1265 868 1309 0000
907 1247 1064 1310 omnibus
1106 1254 1245 1311 nostrae

195 1346 417 1410 mortalitatis
439 1346 706 1422 successoribus,
721 1346 814 1427 quod
830 1345 1004 1427 quandam
1029 1354 1154 1410 terram
1183 1347 1245 1410 do·

194 1446 354 1509 minicam
369 1454 511 1509 sanotae
526 1446 662 1508 Mariae
677 1445 896 1510 Raculfensis
913 1447 1113 1509 monasterii
1125 1464 1168 1509 .n.
1181 1447 1244 1510 sci-

195 1545 288 1622 licet,
317 1564 420 1625 agros
452 1546 488 1608 in
513 1546 740 1628 praestariam
772 1565 887 1609 annuo
919 1545 1052 1609 duobus
1080 1546 1247 1609 ministris

194 1645 280 1707 meis
296 1644 486 1709 AElfwoldo
513 1653 548 1709 et
564 1645 734 1722 Eadredo,
755 1664 800 1708 ex
814 1664 983 1709 consensu
1003 1645 1120 1709 fratris
1137 1646 1247 1710 nostri

196 1742 388 1809 Guicbardi
416 1744 537 1808 decani
565 1745 717 1808 eiusdem
746 1745 933 1808 aecclesiae
963 1751 1104 1808 sanctae
1126 1747 1246 1809 matris

196 1844 263 1921 dei,
289 1849 329 1907 ut
351 1844 446 1907 illam
470 1851 597 1908 terram
622 1844 772 1908 habeant
796 1865 865 1908 non
888 1844 1026 1926 longius
1048 1860 1150 1926 quam
1179 1846 1246 1928 ipsi

195 1945 365 2026 placuerit
383 1944 514 2008 decano
536 1944 592 2007 001
615 1945 689 2008 0100
712 1945 913 2008 successori.
966 1943 1141 2023 Quamdiu
1163 1965 1246 2008 uero

195 2064 272 2109 eam
295 2044 468 2108 tenuerint
490 2043 636 2125 singulis
664 2045 763 2108 annis
785 2044 868 2108 dent
887 2045 924 2107 in
942 2044 1019 2127 ipso
1037 2046 1246 2110 monasterio

194 2146 259 2208 deo
276 2143 523 2208 famulantibus
545 2151 673 2208 rectam
699 2144 864 2208 decimam
885 2143 1022 2224 frugum
1042 2151 1078 2207 00
1094 2145 1244 2208 omnium

194 2259 358 2328 pecorum
380 2263 470 2327 quae
493 2244 529 2306 in
552 2245 630 2325 ipsa
647 2250 740 2306 terra
751 2244 927 2331 nutriunt,
945 2250 980 2306 00
1002 2264 1065 2325 pro
1083 2263 1187 2307 00000
1203 2261 1245 2307 ,0.

194 2345 367 2420 denarios,
383 2351 419 2408 00
440 2344 483 2407 de
506 2344 669 2407 subiectis
684 2344 822 2425 pascuis
841 2359 875 2408 .1.
893 2362 1035 2424 pensam
1052 2363 1245 2424 caseorum3

195 2451 231 2509 et
247 2446 278 2507 si
294 2443 377 2526 quid
392 2442 566 2507 fracturae
588 2443 782 2524 contigerit.
825 2443 894 2506 Ubi
911 2441 995 2507 uer'o
1015 2444 1123 2506 eidem
1147 2444 1247 2508 fratri

197 2551 315 2609 nostro
329 2543 458 2608 decano
476 2543 531 2606 uel
548 2543 622 2606 eius
643 2543 833 2607 successori
849 2543 960 2605 uisum
977 2543 1080 2608 fuerit
1096 2551 1136 2607 00
1151 2544 1244 2607 illam

196 2653 323 2708 terram
344 2644 479 2726 possint
504 2642 712 2706 fructificare
738 2641 962 2706 dominicatui
989 2663 1065 2720 000,
1083 2644 1246 2708 recedant

195 2745 239 2808 ab
255 2763 297 2807 ea
318 2744 447 2824 absque
462 2742 603 2825 querela
621 2751 656 2806 00
672 2743 955 2819 contradictione,
974 2745 1057 2825 quia
1074 2744 1246 2809 dominica

195 2851 249 2908 est
272 2850 413 2907 sanctae
440 2842 588 2919 Mariae,
611 2863 673 2906 000
708 2863 784 2906 eam
817 2843 883 2906 sibi
916 2843 974 2907 uel
1000 2844 1147 2925 posteris
1174 2845 1246 2907 suis

196 2943 392 3008 ullomodo
414 2948 560 3024 possunt
588 2942 793 3016 defendere3
831 2942 922 3024 quod
946 2943 977 3005 si
1005 2933 1245 3026 praesumpse-

196 3044 276 3120 rint,
297 3051 332 3108 et
359 3043 427 3125 ipsi
452 3050 486 3106 00
511 3043 664 3107 fautores
686 3044 741 3106 001
762 3043 848 3106 iram
873 3042 929 3105 dei
953 3050 988 3106 et
1014 3045 1248 3108 excommuni-

198 3145 369 3208 cationem
405 3143 556 3207 omnium
595 3142 650 3206 dei
681 3142 832 3205 fidelium
865 3143 1054 3222 incurrant,
1078 3150 1114 3206 00
1135 3143 1247 3225 legem

195 3244 329 3326 patriae
343 3243 482 3307 domino
497 3262 560 3307 suo
577 3243 727 3307 soluant.
780 3241 897 3305 Huius
913 3243 1125 3324 praestariae
1142 3242 1247 3306 tradi·

196 3344 302 3409 tionis
317 3341 520 3407 testes'sunt
535 3343 659 3406 fratres
676 3341 826 3406 eiusdem
845 3342 1043 3405 monasterii
1059 3342 1248 3424 etquidem

197 3444 323 3508 milites
339 3444 406 3507 mei
426 3443 485 3526 qui
501 3443 717 3506 subtersunt
734 3441 891 3505 ordinate
907 3442 1081 3522 descripti.

252 3544 291 3624 ›1‹
314 3544 391 3625 Ego
407 3542 627 3609 Guichardus
644 3542 842 3624 subscripsi.
912 3541 951 3621 ›1‹
970 3540 1045 3623 Ego
1059 3541 1248 3606 Fresnotus

197 3643 386 3708 monachus
400 3642 642 3707 subannotaui.
698 3645 737 3724 ›1‹
752 3641 829 3723 Ego
843 3640 1046 3706 Tancradus
1062 3642 1250 3711 monachus

196 3743 395 3825 recognoui.
463 3746 502 3825 ›1‹
519 3742 596 3824 Ego
614 3742 701 3805 Milo
729 3742 917 3806 monachus
947 3742 1136 3823 assignaui.
1205 3747 1244 3826 ›1‹

199 3845 275 3926 Ego
304 3843 436 3908 Siward
475 3843 573 3905 miles
605 3842 866 3906 contestificaui.
945 3846 984 3925 ›1‹
1019 3842 1095 3923 Ego
1121 3840 1250 3907 Godric

197 3945 295 4008 miles
310 3943 410 4008 testis
426 3941 486 4005 fui.
543 3941 798 4025 fflEgoWluui
814 3942 922 4006 miles.
980 3941 1107 4024 ›14Ego
1116 3940 1251 4025 Wlsige

198 4044 307 4108 miles.
380 4044 419 4124 ›1‹
442 4042 519 4124 Ego
548 4042 719 4106 Radwine
755 4042 864 4106 miles
943 4045 982 4124 ›1‹
1014 4043 1091 4122 Ego
1112 4040 1251 4107 Ordnob

197 4144 308 4209 miles.
341 4144 404 4224 »κ
421 4143 497 4226 Ego
511 4142 638 4211 AElsric
654 4142 762 4212 miles,
820 4144 859 4224 »κ
879 4141 956 4224 Ego
971 4141 1116 4206 Osward
1141 4144 1249 4208 miles
