<?xml version="1.0" encoding="UTF-8"?>
<!DOCTYPE html PUBLIC "-//W3C//DTD XHTML 1.0 Transitional//EN"
    "http://www.w3.org/TR/xhtml1/DTD/xhtml1-transitional.dtd">
<html xmlns="http://www.w3.org/1999/xhtml" xml:lang="en" lang="en">
 <head>
  <title>
</title>
<meta http-equiv="Content-Type" content="text/html;charset=utf-8" />
  <meta name='ocr-system' content='tesseract 3.04.00' />
  <meta name='ocr-capabilities' content='ocr_page ocr_carea ocr_par ocr_line ocrx_word'/>
</head>
<body>
  <div class='ocr_page' id='page_1' title='image "./codexdiplomatic03kembgoog_0069.png"; bbox 0 0 2902 4890; ppageno 0'>
   <div class='ocr_carea' id='block_1_1' title="bbox 193 338 992 408">
    <p class='ocr_par' dir='ltr' id='par_1_1' title="bbox 193 338 992 408">
     <span class='ocr_line' id='line_1_1' title="bbox 193 338 992 408; baseline 0.004 -3"><span class='ocrx_word' id='word_1_1' title='bbox 193 338 237 405; x_wconf 79' lang='lat'><strong>42</strong></span> <span class='ocrx_word' id='word_1_2' title='bbox 451 356 624 405; x_wconf 77' lang='lat' dir='ltr'><strong>cunn&#39;rsn</strong></span> <span class='ocrx_word' id='word_1_3' title='bbox 650 356 992 408; x_wconf 75' lang='lat' dir='ltr'><strong>suonosnxourcsn.</strong></span> 
     </span>
    </p>
   </div>
   <div class='ocr_carea' id='block_1_2' title="bbox 120 514 1260 4201">
    <p class='ocr_par' dir='ltr' id='par_1_2' title="bbox 191 514 1260 2600">
     <span class='ocr_line' id='line_1_2' title="bbox 197 514 1260 594; baseline 0 -15"><span class='ocrx_word' id='word_1_4' title='bbox 197 515 351 594; x_wconf 85' lang='lat' dir='ltr'><strong>calicem,</strong></span> <span class='ocrx_word' id='word_1_5' title='bbox 369 516 576 581; x_wconf 85' lang='lat' dir='ltr'><strong>confirmans</strong></span> <span class='ocrx_word' id='word_1_6' title='bbox 588 515 784 581; x_wconf 90' lang='lat' dir='ltr'><strong>Brihtmero</strong></span> <span class='ocrx_word' id='word_1_7' title='bbox 800 517 919 581; x_wconf 81' lang='lat' dir='ltr'><strong>abbati</strong></span> <span class='ocrx_word' id='word_1_8' title='bbox 935 523 970 580; x_wconf 94' lang='lat' dir='ltr'><strong>et</strong></span> <span class='ocrx_word' id='word_1_9' title='bbox 983 514 1161 580; x_wconf 81' lang='lat' dir='ltr'><strong>monachis</strong></span> <span class='ocrx_word' id='word_1_10' title='bbox 1178 516 1260 579; x_wconf 83' lang='lat' dir='ltr'><strong>suis</strong></span> 
     </span>
     <span class='ocr_line' id='line_1_3' title="bbox 196 615 1257 705; baseline -0.001 -25"><span class='ocrx_word' id='word_1_11' title='bbox 196 622 307 681; x_wconf 89' lang='lat' dir='ltr'><strong>totum</strong></span> <span class='ocrx_word' id='word_1_12' title='bbox 325 618 571 681; x_wconf 88' lang='lat' dir='ltr'><strong>monasterium</strong></span> <span class='ocrx_word' id='word_1_13' title='bbox 587 637 688 681; x_wconf 89' lang='lat' dir='ltr'><strong>snum</strong></span> <span class='ocrx_word' id='word_1_14' title='bbox 707 615 936 700; x_wconf 73' lang='lat' dir='ltr'><strong>croylandiae</strong></span> <span class='ocrx_word' id='word_1_15' title='bbox 952 635 1031 681; x_wconf 92' lang='lat' dir='ltr'><strong>cum</strong></span> <span class='ocrx_word' id='word_1_16' title='bbox 1047 615 1162 680; x_wconf 85' lang='lat' dir='ltr'><strong>insula</strong></span> <span class='ocrx_word' id='word_1_17' title='bbox 1184 616 1257 705; x_wconf 81' lang='lat' dir='ltr'><strong>cir·</strong></span> 
     </span>
     <span class='ocr_line' id='line_1_4' title="bbox 196 716 1256 795; baseline 0.001 -15"><span class='ocrx_word' id='word_1_18' title='bbox 196 717 408 781; x_wconf 89' lang='lat' dir='ltr'><strong>cumiacente</strong></span> <span class='ocrx_word' id='word_1_19' title='bbox 430 731 465 782; x_wconf 90' lang='lat' dir='ltr'><strong>et</strong></span> <span class='ocrx_word' id='word_1_20' title='bbox 487 718 621 781; x_wconf 91' lang='lat' dir='ltr'><strong>dnobus</strong></span> <span class='ocrx_word' id='word_1_21' title='bbox 646 717 802 782; x_wconf 89' lang='lat' dir='ltr'><strong>mariscis</strong></span> <span class='ocrx_word' id='word_1_22' title='bbox 829 718 1078 795; x_wconf 81' lang='lat' dir='ltr'><strong>adiacentibus,</strong></span> <span class='ocrx_word' id='word_1_23' title='bbox 1104 716 1256 794; x_wconf 59' lang='lat' dir='ltr'><strong>salient,</strong></span> 
     </span>
     <span class='ocr_line' id='line_1_5' title="bbox 196 815 1257 900; baseline 0.002 -20"><span class='ocrx_word' id='word_1_24' title='bbox 196 815 409 880; x_wconf 85' lang='lat' dir='ltr'><strong>Alderlound</strong></span> <span class='ocrx_word' id='word_1_25' title='bbox 431 824 466 881; x_wconf 90' lang='lat' dir='ltr'><strong>et</strong></span> <span class='ocrx_word' id='word_1_26' title='bbox 486 816 740 900; x_wconf 88' lang='lat' dir='ltr'><strong>Goggislound,</strong></span> <span class='ocrx_word' id='word_1_27' title='bbox 760 818 887 882; x_wconf 86' lang='lat' dir='ltr'><strong>eisdem</strong></span> <span class='ocrx_word' id='word_1_28' title='bbox 910 817 1065 882; x_wconf 86' lang='lat' dir='ltr'><strong>terminis</strong></span> <span class='ocrx_word' id='word_1_29' title='bbox 1081 824 1118 882; x_wconf 87' lang='lat' dir='ltr'><strong>et</strong></span> <span class='ocrx_word' id='word_1_30' title='bbox 1132 816 1257 882; x_wconf 90' lang='lat' dir='ltr'><strong>limiti-</strong></span> 
     </span>
     <span class='ocr_line' id='line_1_6' title="bbox 198 916 1255 1002; baseline 0.002 -23"><span class='ocrx_word' id='word_1_31' title='bbox 198 917 263 981; x_wconf 85' lang='lat' dir='ltr'><strong>bus</strong></span> <span class='ocrx_word' id='word_1_32' title='bbox 294 916 419 998; x_wconf 90' lang='lat' dir='ltr'><strong>quibus</strong></span> <span class='ocrx_word' id='word_1_33' title='bbox 455 918 491 981; x_wconf 93' lang='lat' dir='ltr'><strong>in</strong></span> <span class='ocrx_word' id='word_1_34' title='bbox 528 917 757 1000; x_wconf 89' lang='lat' dir='ltr'><strong>chirographo</strong></span> <span class='ocrx_word' id='word_1_35' title='bbox 787 917 907 1001; x_wconf 90' lang='lat' dir='ltr'>inclyti</span> <span class='ocrx_word' id='word_1_36' title='bbox 946 917 1120 1002; x_wconf 83' lang='lat' dir='ltr'><strong>qnondam</strong></span> <span class='ocrx_word' id='word_1_37' title='bbox 1155 917 1255 998; x_wconf 84' lang='lat' dir='ltr'><strong>regis</strong></span> 
     </span>
     <span class='ocr_line' id='line_1_7' title="bbox 198 1016 1253 1101; baseline -0.001 -20"><span class='ocrx_word' id='word_1_38' title='bbox 198 1016 347 1081; x_wconf 87' lang='lat' dir='ltr'><strong>Eadredi</strong></span> <span class='ocrx_word' id='word_1_39' title='bbox 381 1019 623 1082; x_wconf 86' lang='lat' dir='ltr'><strong>restauratoris</strong></span> <span class='ocrx_word' id='word_1_40' title='bbox 651 1018 718 1095; x_wconf 89' lang='lat' dir='ltr'><strong>sui,</strong></span> <span class='ocrx_word' id='word_1_41' title='bbox 741 1019 834 1082; x_wconf 89' lang='lat' dir='ltr'><strong>dicta</strong></span> <span class='ocrx_word' id='word_1_42' title='bbox 859 1017 974 1083; x_wconf 84' lang='lat' dir='ltr'><strong>insula</strong></span> <span class='ocrx_word' id='word_1_43' title='bbox 1000 1017 1152 1101; x_wconf 79' lang='lat' dir='ltr'><strong>dictique</strong></span> <span class='ocrx_word' id='word_1_44' title='bbox 1178 1016 1253 1081; x_wconf 92' lang='lat' dir='ltr'><strong>duo</strong></span> 
     </span>
     <span class='ocr_line' id='line_1_8' title="bbox 194 1116 1252 1201; baseline 0.002 -22"><span class='ocrx_word' id='word_1_45' title='bbox 194 1116 332 1182; x_wconf 85' lang='lat' dir='ltr'><strong>marisci</strong></span> <span class='ocrx_word' id='word_1_46' title='bbox 359 1118 445 1182; x_wconf 89' lang='lat' dir='ltr'><strong>satis</strong></span> <span class='ocrx_word' id='word_1_47' title='bbox 477 1127 598 1201; x_wconf 90' lang='lat' dir='ltr'><strong>aperte</strong></span> <span class='ocrx_word' id='word_1_48' title='bbox 628 1118 879 1183; x_wconf 88' lang='lat' dir='ltr'><strong>describuntur.</strong></span> <span class='ocrx_word' id='word_1_49' title='bbox 942 1117 1117 1182; x_wconf 74' lang='lat' dir='ltr'><strong>confirmo</strong></span> <span class='ocrx_word' id='word_1_50' title='bbox 1140 1117 1252 1182; x_wconf 81' lang='lat' dir='ltr'><strong>etiarn</strong></span> 
     </span>
     <span class='ocr_line' id='line_1_9' title="bbox 194 1217 1253 1301; baseline -0.002 -19"><span class='ocrx_word' id='word_1_51' title='bbox 194 1237 312 1282; x_wconf 89' lang='lat' dir='ltr'><strong>omnes</strong></span> <span class='ocrx_word' id='word_1_52' title='bbox 330 1217 515 1282; x_wconf 78' lang='lat' dir='ltr'><strong>aecclesias</strong></span> <span class='ocrx_word' id='word_1_53' title='bbox 532 1226 567 1282; x_wconf 95' lang='lat' dir='ltr'><strong>et</strong></span> <span class='ocrx_word' id='word_1_54' title='bbox 581 1218 745 1301; x_wconf 85' lang='lat' dir='ltr'><strong>capellas,</strong></span> <span class='ocrx_word' id='word_1_55' title='bbox 759 1227 867 1282; x_wconf 86' lang='lat' dir='ltr'><strong>terras</strong></span> <span class='ocrx_word' id='word_1_56' title='bbox 881 1226 915 1283; x_wconf 92' lang='lat' dir='ltr'><strong>et</strong></span> <span class='ocrx_word' id='word_1_57' title='bbox 928 1224 1134 1294; x_wconf 78' lang='lat' dir='ltr'><strong>tenemento,</strong></span> <span class='ocrx_word' id='word_1_58' title='bbox 1144 1217 1253 1282; x_wconf 86' lang='lat' dir='ltr'><strong>liber-</strong></span> 
     </span>
     <span class='ocr_line' id='line_1_10' title="bbox 193 1316 1251 1400; baseline -0.002 -18"><span class='ocrx_word' id='word_1_59' title='bbox 193 1324 284 1382; x_wconf 89' lang='lat' dir='ltr'><strong>tates</strong></span> <span class='ocrx_word' id='word_1_60' title='bbox 307 1325 342 1382; x_wconf 90' lang='lat' dir='ltr'><strong>et</strong></span> <span class='ocrx_word' id='word_1_61' title='bbox 361 1317 544 1400; x_wconf 88' lang='lat' dir='ltr'><strong>priuilegia</strong></span> <span class='ocrx_word' id='word_1_62' title='bbox 565 1319 600 1382; x_wconf 93' lang='lat' dir='ltr'><strong>in</strong></span> <span class='ocrx_word' id='word_1_63' title='bbox 624 1318 776 1382; x_wconf 85' lang='lat' dir='ltr'><strong>eiusdem</strong></span> <span class='ocrx_word' id='word_1_64' title='bbox 798 1318 890 1400; x_wconf 89' lang='lat' dir='ltr'><strong>regis</strong></span> <span class='ocrx_word' id='word_1_65' title='bbox 915 1316 1144 1400; x_wconf 85' lang='lat' dir='ltr'><strong>chirographo</strong></span> <span class='ocrx_word' id='word_1_66' title='bbox 1162 1336 1251 1382; x_wconf 93' lang='lat' dir='ltr'><strong>con·</strong></span> 
     </span>
     <span class='ocr_line' id='line_1_11' title="bbox 194 1417 1251 1501; baseline -0.001 -19"><span class='ocrx_word' id='word_1_67' title='bbox 194 1425 301 1495; x_wconf 87' lang='lat' dir='ltr'><strong>tenta,</strong></span> <span class='ocrx_word' id='word_1_68' title='bbox 317 1438 393 1481; x_wconf 90' lang='lat' dir='ltr'><strong>cum</strong></span> <span class='ocrx_word' id='word_1_69' title='bbox 421 1419 546 1501; x_wconf 86' lang='lat' dir='ltr'><strong>quibus</strong></span> <span class='ocrx_word' id='word_1_70' title='bbox 573 1418 732 1483; x_wconf 90' lang='lat' dir='ltr'><strong>omnihus</strong></span> <span class='ocrx_word' id='word_1_71' title='bbox 757 1419 869 1483; x_wconf 89' lang='lat' dir='ltr'><strong>dictus</strong></span> <span class='ocrx_word' id='word_1_72' title='bbox 895 1438 957 1483; x_wconf 86' lang='lat' dir='ltr'><strong>rex</strong></span> <span class='ocrx_word' id='word_1_73' title='bbox 972 1417 1152 1481; x_wconf 77' lang='lat' dir='ltr'><strong>Endiedus</strong></span> <span class='ocrx_word' id='word_1_74' title='bbox 1173 1417 1251 1481; x_wconf 91' lang='lat' dir='ltr'><strong>dic·</strong></span> 
     </span>
     <span class='ocr_line' id='line_1_12' title="bbox 194 1517 1252 1602; baseline 0.002 -21"><span class='ocrx_word' id='word_1_75' title='bbox 194 1526 268 1581; x_wconf 91' lang='lat' dir='ltr'><strong>tum</strong></span> <span class='ocrx_word' id='word_1_76' title='bbox 300 1518 545 1583; x_wconf 87' lang='lat' dir='ltr'><strong>monasterinm</strong></span> <span class='ocrx_word' id='word_1_77' title='bbox 578 1517 808 1602; x_wconf 83' lang='lat' dir='ltr'><strong>Croylandiae</strong></span> <span class='ocrx_word' id='word_1_78' title='bbox 840 1517 885 1582; x_wconf 87' lang='lat' dir='ltr'><strong>ad</strong></span> <span class='ocrx_word' id='word_1_79' title='bbox 922 1518 1085 1582; x_wconf 82' lang='lat' dir='ltr'><strong>honorem</strong></span> <span class='ocrx_word' id='word_1_80' title='bbox 1124 1517 1179 1582; x_wconf 87' lang='lat' dir='ltr'><strong>dei</strong></span> <span class='ocrx_word' id='word_1_81' title='bbox 1213 1525 1252 1583; x_wconf 90' lang='lat' dir='ltr'><strong>et</strong></span> 
     </span>
     <span class='ocr_line' id='line_1_13' title="bbox 194 1615 1249 1701; baseline 0.001 -20"><span class='ocrx_word' id='word_1_82' title='bbox 194 1618 307 1682; x_wconf 90' lang='lat' dir='ltr'><strong>sancti</strong></span> <span class='ocrx_word' id='word_1_83' title='bbox 323 1615 470 1683; x_wconf 79' lang='lat' dir='ltr'><strong>Guiilaci</strong></span> <span class='ocrx_word' id='word_1_84' title='bbox 500 1618 706 1683; x_wconf 88' lang='lat' dir='ltr'><strong>confessoris</strong></span> <span class='ocrx_word' id='word_1_85' title='bbox 730 1620 785 1682; x_wconf 91' lang='lat' dir='ltr'><strong>sui</strong></span> <span class='ocrx_word' id='word_1_86' title='bbox 815 1618 1042 1701; x_wconf 83' lang='lat' dir='ltr'><strong>corporaliter</strong></span> <span class='ocrx_word' id='word_1_87' title='bbox 1066 1619 1102 1681; x_wconf 92' lang='lat' dir='ltr'><strong>in</strong></span> <span class='ocrx_word' id='word_1_88' title='bbox 1123 1637 1166 1682; x_wconf 90' lang='lat' dir='ltr'><strong>eo</strong></span> <span class='ocrx_word' id='word_1_89' title='bbox 1192 1637 1249 1682; x_wconf 89' lang='lat' dir='ltr'><strong>re-</strong></span> 
     </span>
     <span class='ocr_line' id='line_1_14' title="bbox 193 1717 1251 1801; baseline 0.001 -20"><span class='ocrx_word' id='word_1_90' title='bbox 193 1717 402 1801; x_wconf 90' lang='lat' dir='ltr'><strong>quiescentis</strong></span> <span class='ocrx_word' id='word_1_91' title='bbox 429 1719 575 1796; x_wconf 87' lang='lat' dir='ltr'><strong>dotauit,</strong></span> <span class='ocrx_word' id='word_1_92' title='bbox 599 1718 752 1795; x_wconf 85' lang='lat' dir='ltr'><strong>donauit,</strong></span> <span class='ocrx_word' id='word_1_93' title='bbox 772 1719 910 1796; x_wconf 83' lang='lat' dir='ltr'><strong>ditauit,</strong></span> <span class='ocrx_word' id='word_1_94' title='bbox 929 1731 964 1782; x_wconf 92' lang='lat' dir='ltr'><strong>et</strong></span> <span class='ocrx_word' id='word_1_95' title='bbox 983 1737 1047 1782; x_wconf 89' lang='lat' dir='ltr'><strong>suo</strong></span> <span class='ocrx_word' id='word_1_96' title='bbox 1069 1718 1251 1799; x_wconf 82' lang='lat' dir='ltr'><strong>chirogra-</strong></span> 
     </span>
     <span class='ocr_line' id='line_1_15' title="bbox 191 1817 1248 1901; baseline 0.002 -22"><span class='ocrx_word' id='word_1_97' title='bbox 191 1817 261 1899; x_wconf 91' lang='lat' dir='ltr'><strong>pho</strong></span> <span class='ocrx_word' id='word_1_98' title='bbox 285 1819 512 1883; x_wconf 88' lang='lat' dir='ltr'><strong>confirmauit.</strong></span> <span class='ocrx_word' id='word_1_99' title='bbox 571 1818 768 1901; x_wconf 86' lang='lat' dir='ltr'><strong>Nullusque</strong></span> <span class='ocrx_word' id='word_1_100' title='bbox 795 1818 970 1882; x_wconf 91' lang='lat' dir='ltr'><strong>hominum</strong></span> <span class='ocrx_word' id='word_1_101' title='bbox 996 1837 1148 1883; x_wconf 89' lang='lat' dir='ltr'><strong>meorum</strong></span> <span class='ocrx_word' id='word_1_102' title='bbox 1182 1836 1248 1882; x_wconf 86' lang='lat' dir='ltr'><strong>au-</strong></span> 
     </span>
     <span class='ocr_line' id='line_1_16' title="bbox 192 1917 1247 2001; baseline 0.002 -21"><span class='ocrx_word' id='word_1_103' title='bbox 192 1917 273 1982; x_wconf 86' lang='lat' dir='ltr'><strong>deat</strong></span> <span class='ocrx_word' id='word_1_104' title='bbox 291 1919 414 1982; x_wconf 90' lang='lat' dir='ltr'><strong>amodo</strong></span> <span class='ocrx_word' id='word_1_105' title='bbox 437 1919 548 1982; x_wconf 89' lang='lat' dir='ltr'><strong>dictos</strong></span> <span class='ocrx_word' id='word_1_106' title='bbox 571 1917 757 1982; x_wconf 92' lang='lat' dir='ltr'><strong>monachos</strong></span> <span class='ocrx_word' id='word_1_107' title='bbox 779 1919 980 2001; x_wconf 83' lang='lat' dir='ltr'><strong>inquietare,</strong></span> <span class='ocrx_word' id='word_1_108' title='bbox 999 1919 1057 1981; x_wconf 91' lang='lat' dir='ltr'><strong>uel</strong></span> <span class='ocrx_word' id='word_1_109' title='bbox 1072 1919 1108 1981; x_wconf 90' lang='lat' dir='ltr'><strong>in</strong></span> <span class='ocrx_word' id='word_1_110' title='bbox 1126 1917 1247 2000; x_wconf 84' lang='lat' dir='ltr'><strong>aliquo</strong></span> 
     </span>
     <span class='ocr_line' id='line_1_17' title="bbox 194 2017 1249 2100; baseline 0.002 -20"><span class='ocrx_word' id='word_1_111' title='bbox 194 2018 398 2081; x_wconf 85' lang='lat' dir='ltr'><strong>conturbare</strong></span> <span class='ocrx_word' id='word_1_112' title='bbox 414 2038 477 2100; x_wconf 88' lang='lat' dir='ltr'><strong>pro</strong></span> <span class='ocrx_word' id='word_1_113' title='bbox 494 2018 691 2100; x_wconf 83' lang='lat' dir='ltr'><strong>praedictis.</strong></span> <span class='ocrx_word' id='word_1_114' title='bbox 732 2017 835 2096; x_wconf 83' lang='lat' dir='ltr'><strong>Quod</strong></span> <span class='ocrx_word' id='word_1_115' title='bbox 858 2018 889 2080; x_wconf 90' lang='lat' dir='ltr'><strong>si</strong></span> <span class='ocrx_word' id='word_1_116' title='bbox 911 2019 988 2100; x_wconf 87' lang='lat' dir='ltr'><strong>quis</strong></span> <span class='ocrx_word' id='word_1_117' title='bbox 1011 2017 1122 2082; x_wconf 86' lang='lat' dir='ltr'><strong>lacere</strong></span> <span class='ocrx_word' id='word_1_118' title='bbox 1144 2037 1249 2100; x_wconf 90' lang='lat' dir='ltr'><strong>prae-</strong></span> 
     </span>
     <span class='ocr_line' id='line_1_18' title="bbox 194 2118 1248 2200; baseline 0 -18"><span class='ocrx_word' id='word_1_119' title='bbox 194 2119 379 2200; x_wconf 87' lang='lat' dir='ltr'><strong>sumpserit</strong></span> <span class='ocrx_word' id='word_1_120' title='bbox 401 2118 457 2182; x_wconf 91' lang='lat' dir='ltr'><strong>nel</strong></span> <span class='ocrx_word' id='word_1_121' title='bbox 481 2119 668 2182; x_wconf 86' lang='lat' dir='ltr'><strong>tentauerit</strong></span> <span class='ocrx_word' id='word_1_122' title='bbox 684 2137 863 2200; x_wconf 85' lang='lat' dir='ltr'><strong>usurpare,</strong></span> <span class='ocrx_word' id='word_1_123' title='bbox 879 2118 933 2181; x_wconf 89' lang='lat' dir='ltr'><strong>uel</strong></span> <span class='ocrx_word' id='word_1_124' title='bbox 957 2118 1062 2199; x_wconf 85' lang='lat' dir='ltr'><strong>gladii</strong></span> <span class='ocrx_word' id='word_1_125' title='bbox 1082 2119 1148 2181; x_wconf 90' lang='lat' dir='ltr'><strong>mei</strong></span> <span class='ocrx_word' id='word_1_126' title='bbox 1166 2137 1248 2182; x_wconf 91' lang='lat' dir='ltr'><strong>sen·</strong></span> 
     </span>
     <span class='ocr_line' id='line_1_19' title="bbox 194 2218 1248 2300; baseline -0.001 -18"><span class='ocrx_word' id='word_1_127' title='bbox 194 2220 257 2282; x_wconf 87' lang='lat' dir='ltr'><strong>tiet</strong></span> <span class='ocrx_word' id='word_1_128' title='bbox 274 2220 394 2296; x_wconf 90' lang='lat' dir='ltr'><strong>aciem,</strong></span> <span class='ocrx_word' id='word_1_129' title='bbox 410 2219 465 2282; x_wconf 88' lang='lat' dir='ltr'><strong>uel</strong></span> <span class='ocrx_word' id='word_1_130' title='bbox 484 2218 591 2300; x_wconf 85' lang='lat' dir='ltr'><strong>gladii</strong></span> <span class='ocrx_word' id='word_1_131' title='bbox 616 2237 763 2300; x_wconf 91' lang='lat' dir='ltr'><strong>poenam</strong></span> <span class='ocrx_word' id='word_1_132' title='bbox 789 2218 967 2299; x_wconf 85' lang='lat' dir='ltr'><strong>sacrilegis</strong></span> <span class='ocrx_word' id='word_1_133' title='bbox 994 2218 1143 2282; x_wconf 87' lang='lat' dir='ltr'><strong>debitam</strong></span> <span class='ocrx_word' id='word_1_134' title='bbox 1163 2219 1248 2282; x_wconf 89' lang='lat' dir='ltr'><strong>sub·</strong></span> 
     </span>
     <span class='ocr_line' id='line_1_20' title="bbox 193 2318 1248 2401; baseline 0 -19"><span class='ocrx_word' id='word_1_135' title='bbox 193 2319 257 2383; x_wconf 88' lang='lat' dir='ltr'><strong>ibit</strong></span> <span class='ocrx_word' id='word_1_136' title='bbox 273 2321 405 2401; x_wconf 88' lang='lat' dir='ltr'><strong>absque</strong></span> <span class='ocrx_word' id='word_1_137' title='bbox 421 2318 514 2384; x_wconf 93' lang='lat' dir='ltr'><strong>omni</strong></span> <span class='ocrx_word' id='word_1_138' title='bbox 529 2319 730 2382; x_wconf 87' lang='lat' dir='ltr'><strong>remissione</strong></span> <span class='ocrx_word' id='word_1_139' title='bbox 743 2325 778 2381; x_wconf 89' lang='lat' dir='ltr'><strong>et</strong></span> <span class='ocrx_word' id='word_1_140' title='bbox 790 2318 1023 2401; x_wconf 90' lang='lat' dir='ltr'><strong>redemptione</strong></span> <span class='ocrx_word' id='word_1_141' title='bbox 1039 2318 1248 2401; x_wconf 88' lang='lat' dir='ltr'><strong>puniendus,</strong></span> 
     </span>
     <span class='ocr_line' id='line_1_21' title="bbox 192 2417 1248 2484; baseline -0.001 -1"><span class='ocrx_word' id='word_1_142' title='bbox 192 2419 293 2483; x_wconf 83' lang='lat' dir='ltr'><strong>iuxta</strong></span> <span class='ocrx_word' id='word_1_143' title='bbox 318 2419 457 2484; x_wconf 90' lang='lat' dir='ltr'><strong>modum</strong></span> <span class='ocrx_word' id='word_1_144' title='bbox 485 2426 521 2483; x_wconf 90' lang='lat' dir='ltr'><strong>et</strong></span> <span class='ocrx_word' id='word_1_145' title='bbox 547 2437 742 2483; x_wconf 90' lang='lat' dir='ltr'><strong>mensnram</strong></span> <span class='ocrx_word' id='word_1_146' title='bbox 770 2418 916 2482; x_wconf 89' lang='lat' dir='ltr'><strong>iniuriae</strong></span> <span class='ocrx_word' id='word_1_147' title='bbox 942 2417 1043 2482; x_wconf 90' lang='lat' dir='ltr'><strong>dictis</strong></span> <span class='ocrx_word' id='word_1_148' title='bbox 1067 2417 1248 2483; x_wconf 82' lang='lat' dir='ltr'><strong>monachis</strong></span> 
     </span>
     <span class='ocr_line' id='line_1_22' title="bbox 192 2520 377 2600; baseline -0.016 -17"><span class='ocrx_word' id='word_1_149' title='bbox 192 2520 377 2600; x_wconf 83' lang='lat' dir='ltr'><strong>irrogatae.</strong></span> 
     </span>
    </p>

    <p class='ocr_par' dir='ltr' id='par_1_3' title="bbox 120 2616 1250 4201">
     <span class='ocr_line' id='line_1_23' title="bbox 247 2616 1248 2699; baseline 0 -18"><span class='ocrx_word' id='word_1_150' title='bbox 247 2620 286 2699; x_wconf 73' lang='lat'><strong>›1‹</strong></span> <span class='ocrx_word' id='word_1_151' title='bbox 309 2618 386 2698; x_wconf 86' lang='lat' dir='ltr'><strong>Ego</strong></span> <span class='ocrx_word' id='word_1_152' title='bbox 413 2617 548 2681; x_wconf 87' lang='lat' dir='ltr'><strong>Cnutus</strong></span> <span class='ocrx_word' id='word_1_153' title='bbox 574 2637 638 2680; x_wconf 87' lang='lat' dir='ltr'><strong>rex</strong></span> <span class='ocrx_word' id='word_1_154' title='bbox 666 2636 758 2682; x_wconf 89' lang='lat' dir='ltr'><strong>anno</strong></span> <span class='ocrx_word' id='word_1_155' title='bbox 781 2617 970 2682; x_wconf 90' lang='lat' dir='ltr'><strong>dominicae</strong></span> <span class='ocrx_word' id='word_1_156' title='bbox 997 2616 1248 2681; x_wconf 84' lang='lat' dir='ltr'><strong>incarnationis</strong></span> 
     </span>
     <span class='ocr_line' id='line_1_24' title="bbox 192 2704 1247 2782; baseline 0.002 -2"><span class='ocrx_word' id='word_1_157' title='bbox 192 2717 373 2781; x_wconf 89' lang='lat' dir='ltr'><strong>millesimo</strong></span> <span class='ocrx_word' id='word_1_158' title='bbox 403 2717 575 2781; x_wconf 88' lang='lat' dir='ltr'><strong>tricesimo</strong></span> <span class='ocrx_word' id='word_1_159' title='bbox 615 2718 765 2781; x_wconf 88' lang='lat' dir='ltr'><strong>secundo</strong></span> <span class='ocrx_word' id='word_1_160' title='bbox 795 2717 982 2782; x_wconf 89' lang='lat' dir='ltr'><strong>Londoniis</strong></span> <span class='ocrx_word' id='word_1_161' title='bbox 1012 2717 1106 2781; x_wconf 90' lang='lat' dir='ltr'><strong>istud</strong></span> <span class='ocrx_word' id='word_1_162' title='bbox 1129 2704 1247 2782; x_wconf 83' lang='lat' dir='ltr'><strong>meum</strong></span> 
     </span>
     <span class='ocr_line' id='line_1_25' title="bbox 192 2816 1248 2899; baseline 0.003 -18"><span class='ocrx_word' id='word_1_163' title='bbox 192 2816 459 2899; x_wconf 83' lang='lat' dir='ltr'><strong>chirographum</strong></span> <span class='ocrx_word' id='word_1_164' title='bbox 497 2818 597 2899; x_wconf 87' lang='lat' dir='ltr'><strong>signo</strong></span> <span class='ocrx_word' id='word_1_165' title='bbox 633 2826 774 2882; x_wconf 88' lang='lat' dir='ltr'><strong>sanctae</strong></span> <span class='ocrx_word' id='word_1_166' title='bbox 812 2819 925 2881; x_wconf 90' lang='lat' dir='ltr'><strong>crucis</strong></span> <span class='ocrx_word' id='word_1_167' title='bbox 966 2817 1167 2882; x_wconf 87' lang='lat' dir='ltr'><strong>confirmaui</strong></span> <span class='ocrx_word' id='word_1_168' title='bbox 1187 2818 1248 2899; x_wconf 57' lang='grc' dir='ltr'><strong>ᾧ.</strong></span> 
     </span>
     <span class='ocr_line' id='line_1_26' title="bbox 193 2916 1246 3000; baseline 0.003 -20"><span class='ocrx_word' id='word_1_169' title='bbox 193 2917 271 2999; x_wconf 88' lang='lat' dir='ltr'><strong>Ego</strong></span> <span class='ocrx_word' id='word_1_170' title='bbox 304 2917 520 2999; x_wconf 73' lang='lat' dir='ltr'><strong>AEgelno’dus</strong></span> <span class='ocrx_word' id='word_1_171' title='bbox 559 2916 837 3000; x_wconf 88' lang='lat' dir='ltr'><strong>archiepiscopus</strong></span> <span class='ocrx_word' id='word_1_172' title='bbox 869 2917 1105 2982; x_wconf 89' lang='lat' dir='ltr'><strong>Doroherniae</strong></span> <span class='ocrx_word' id='word_1_173' title='bbox 1141 2917 1246 2998; x_wconf 86' lang='lat' dir='ltr'><strong>signo</strong></span> 
     </span>
     <span class='ocr_line' id='line_1_27' title="bbox 192 3017 1248 3099; baseline 0.001 -18"><span class='ocrx_word' id='word_1_174' title='bbox 192 3017 431 3081; x_wconf 84' lang='lat' dir='ltr'><strong>sanctissimae</strong></span> <span class='ocrx_word' id='word_1_175' title='bbox 449 3017 559 3081; x_wconf 87' lang='lat' dir='ltr'><strong>crucis</strong></span> <span class='ocrx_word' id='word_1_176' title='bbox 573 3017 774 3081; x_wconf 91' lang='lat' dir='ltr'><strong>confirmaui</strong></span> <span class='ocrx_word' id='word_1_177' title='bbox 797 3020 853 3099; x_wconf 63' lang='grc' dir='ltr'><strong>ιιι.</strong></span> <span class='ocrx_word' id='word_1_178' title='bbox 916 3018 992 3099; x_wconf 87' lang='lat' dir='ltr'><strong>Ego</strong></span> <span class='ocrx_word' id='word_1_179' title='bbox 1007 3017 1172 3081; x_wconf 88' lang='lat' dir='ltr'><strong>AElfricus</strong></span> <span class='ocrx_word' id='word_1_180' title='bbox 1189 3037 1248 3082; x_wconf 86' lang='lat' dir='ltr'><strong>ar·</strong></span> 
     </span>
     <span class='ocr_line' id='line_1_28' title="bbox 193 3115 1248 3199; baseline -0.002 -17"><span class='ocrx_word' id='word_1_181' title='bbox 193 3117 431 3199; x_wconf 89' lang='lat' dir='ltr'><strong>chiepiscopus</strong></span> <span class='ocrx_word' id='word_1_182' title='bbox 447 3117 624 3181; x_wconf 86' lang='lat' dir='ltr'><strong>Eboracae</strong></span> <span class='ocrx_word' id='word_1_183' title='bbox 639 3117 704 3181; x_wconf 91' lang='lat' dir='ltr'><strong>hoo</strong></span> <span class='ocrx_word' id='word_1_184' title='bbox 727 3119 819 3198; x_wconf 81' lang='lat' dir='ltr'><strong>regis</strong></span> <span class='ocrx_word' id='word_1_185' title='bbox 836 3116 1101 3199; x_wconf 87' lang='lat' dir='ltr'><strong>chirographum</strong></span> <span class='ocrx_word' id='word_1_186' title='bbox 1118 3115 1248 3180; x_wconf 89' lang='lat' dir='ltr'><strong>affirm·</strong></span> 
     </span>
     <span class='ocr_line' id='line_1_29' title="bbox 120 3215 1250 3301; baseline -0.002 -19"><span class='ocrx_word' id='word_1_187' title='bbox 120 3295 121 3300; x_wconf 10' lang='lat'>¹</span> <span class='ocrx_word' id='word_1_188' title='bbox 192 3219 251 3283; x_wconf 90' lang='lat' dir='ltr'><strong>aui</strong></span> <span class='ocrx_word' id='word_1_189' title='bbox 276 3219 332 3301; x_wconf 69' lang='lat'><strong>»1«.</strong></span> <span class='ocrx_word' id='word_1_190' title='bbox 398 3217 475 3299; x_wconf 89' lang='lat' dir='ltr'><strong>Ego</strong></span> <span class='ocrx_word' id='word_1_191' title='bbox 501 3215 628 3281; x_wconf 89' lang='lat' dir='ltr'><strong>Leffius</strong></span> <span class='ocrx_word' id='word_1_192' title='bbox 653 3218 864 3282; x_wconf 90' lang='lat' dir='ltr'><strong>Wiociornm</strong></span> <span class='ocrx_word' id='word_1_193' title='bbox 892 3219 1074 3300; x_wconf 89' lang='lat' dir='ltr'><strong>episcopus</strong></span> <span class='ocrx_word' id='word_1_194' title='bbox 1106 3217 1250 3298; x_wconf 84' lang='lat' dir='ltr'><strong>consig-</strong></span> 
     </span>
     <span class='ocr_line' id='line_1_30' title="bbox 193 3317 1250 3400; baseline -0.003 -17"><span class='ocrx_word' id='word_1_195' title='bbox 193 3321 274 3383; x_wconf 90' lang='lat' dir='ltr'><strong>naui</strong></span> <span class='ocrx_word' id='word_1_196' title='bbox 294 3321 350 3400; x_wconf 77' lang='lat'><strong>›1‹.</strong></span> <span class='ocrx_word' id='word_1_197' title='bbox 412 3319 489 3400; x_wconf 87' lang='lat' dir='ltr'><strong>Ego</strong></span> <span class='ocrx_word' id='word_1_198' title='bbox 512 3317 723 3384; x_wconf 88' lang='lat' dir='ltr'><strong>AElfwardus</strong></span> <span class='ocrx_word' id='word_1_199' title='bbox 748 3318 947 3382; x_wconf 90' lang='lat' dir='ltr'><strong>Londoniae</strong></span> <span class='ocrx_word' id='word_1_200' title='bbox 970 3319 1153 3400; x_wconf 86' lang='lat' dir='ltr'><strong>episcopus</strong></span> <span class='ocrx_word' id='word_1_201' title='bbox 1174 3317 1250 3381; x_wconf 88' lang='lat' dir='ltr'><strong>col-</strong></span> 
     </span>
     <span class='ocr_line' id='line_1_31' title="bbox 192 3417 1249 3500; baseline -0.002 -16"><span class='ocrx_word' id='word_1_202' title='bbox 192 3419 331 3484; x_wconf 87' lang='lat' dir='ltr'><strong>laudaui</strong></span> <span class='ocrx_word' id='word_1_203' title='bbox 348 3420 403 3499; x_wconf 67' lang='lat'><strong>»1«.</strong></span> <span class='ocrx_word' id='word_1_204' title='bbox 457 3419 533 3500; x_wconf 85' lang='lat' dir='ltr'><strong>Ego</strong></span> <span class='ocrx_word' id='word_1_205' title='bbox 549 3418 764 3482; x_wconf 89' lang='lat' dir='ltr'><strong>Brihtmerus</strong></span> <span class='ocrx_word' id='word_1_206' title='bbox 777 3417 1046 3482; x_wconf 88' lang='lat' dir='ltr'><strong>Licheseldensis</strong></span> <span class='ocrx_word' id='word_1_207' title='bbox 1063 3417 1249 3500; x_wconf 83' lang='lat' dir='ltr'><strong>episcopus</strong></span> 
     </span>
     <span class='ocr_line' id='line_1_32' title="bbox 191 3517 1249 3600; baseline 0 -17"><span class='ocrx_word' id='word_1_208' title='bbox 191 3519 410 3583; x_wconf 86' lang='lat' dir='ltr'><strong>constabilini</strong></span> <span class='ocrx_word' id='word_1_209' title='bbox 434 3521 490 3600; x_wconf 51' lang='grc' dir='ltr'><strong>ᾖ.</strong></span> <span class='ocrx_word' id='word_1_210' title='bbox 543 3518 620 3599; x_wconf 86' lang='lat' dir='ltr'><strong>Ego</strong></span> <span class='ocrx_word' id='word_1_211' title='bbox 650 3517 858 3599; x_wconf 87' lang='lat' dir='ltr'><strong>Brichtegus</strong></span> <span class='ocrx_word' id='word_1_212' title='bbox 886 3519 994 3582; x_wconf 88' lang='lat' dir='ltr'><strong>abbas</strong></span> <span class='ocrx_word' id='word_1_213' title='bbox 1025 3517 1249 3583; x_wconf 85' lang='lat' dir='ltr'><strong>Persorensis</strong></span> 
     </span>
     <span class='ocr_line' id='line_1_33' title="bbox 192 3617 1249 3698; baseline -0.002 -14"><span class='ocrx_word' id='word_1_214' title='bbox 192 3619 401 3684; x_wconf 79' lang='lat' dir='ltr'><strong>communiri</strong></span> <span class='ocrx_word' id='word_1_215' title='bbox 423 3619 478 3698; x_wconf 67' lang='lat'><strong>»1«.</strong></span> <span class='ocrx_word' id='word_1_216' title='bbox 553 3617 629 3698; x_wconf 86' lang='lat' dir='ltr'><strong>Ego</strong></span> <span class='ocrx_word' id='word_1_217' title='bbox 645 3617 852 3682; x_wconf 77' lang='lat' dir='ltr'><strong>Wulfnodus</strong></span> <span class='ocrx_word' id='word_1_218' title='bbox 883 3618 990 3682; x_wconf 87' lang='lat' dir='ltr'><strong>abbas</strong></span> <span class='ocrx_word' id='word_1_219' title='bbox 1006 3618 1249 3682; x_wconf 82' lang='lat' dir='ltr'><strong>Westmonns·</strong></span> 
     </span>
     <span class='ocr_line' id='line_1_34' title="bbox 192 3716 1249 3800; baseline -0.001 -18"><span class='ocrx_word' id='word_1_220' title='bbox 192 3720 270 3783; x_wconf 89' lang='lat' dir='ltr'><strong>terii</strong></span> <span class='ocrx_word' id='word_1_221' title='bbox 296 3717 433 3798; x_wconf 88' lang='lat' dir='ltr'><strong>signaui</strong></span> <span class='ocrx_word' id='word_1_222' title='bbox 450 3720 507 3799; x_wconf 55' lang='grc' dir='ltr'><strong>ᾖ.</strong></span> <span class='ocrx_word' id='word_1_223' title='bbox 570 3716 646 3798; x_wconf 90' lang='lat' dir='ltr'><strong>Ego</strong></span> <span class='ocrx_word' id='word_1_224' title='bbox 661 3717 799 3781; x_wconf 90' lang='lat' dir='ltr'><strong>Oswius</strong></span> <span class='ocrx_word' id='word_1_225' title='bbox 817 3719 923 3782; x_wconf 88' lang='lat' dir='ltr'><strong>abhas</strong></span> <span class='ocrx_word' id='word_1_226' title='bbox 940 3717 1161 3782; x_wconf 80' lang='lat' dir='ltr'><strong>Borneiensis</strong></span> <span class='ocrx_word' id='word_1_227' title='bbox 1184 3737 1249 3800; x_wconf 81' lang='lat' dir='ltr'><strong>ap·</strong></span> 
     </span>
     <span class='ocr_line' id='line_1_35' title="bbox 191 3814 1248 3902; baseline 0.003 -22"><span class='ocrx_word' id='word_1_228' title='bbox 191 3819 336 3901; x_wconf 89' lang='lat' dir='ltr'><strong>probaui</strong></span> <span class='ocrx_word' id='word_1_229' title='bbox 364 3819 419 3902; x_wconf 70' lang='lat'><strong>»1«.</strong></span> <span class='ocrx_word' id='word_1_230' title='bbox 507 3816 582 3898; x_wconf 87' lang='lat' dir='ltr'><strong>Ego</strong></span> <span class='ocrx_word' id='word_1_231' title='bbox 618 3814 807 3881; x_wconf 84' lang='lat' dir='ltr'><strong>Godwinus</strong></span> <span class='ocrx_word' id='word_1_232' title='bbox 845 3838 959 3882; x_wconf 91' lang='lat' dir='ltr'><strong>comes</strong></span> <span class='ocrx_word' id='word_1_233' title='bbox 997 3817 1155 3882; x_wconf 88' lang='lat' dir='ltr'><strong>consensi</strong></span> <span class='ocrx_word' id='word_1_234' title='bbox 1187 3818 1248 3898; x_wconf 55' lang='grc' dir='ltr'><strong>ᾖ.</strong></span> 
     </span>
     <span class='ocr_line' id='line_1_36' title="bbox 193 3916 1248 4000; baseline 0.002 -20"><span class='ocrx_word' id='word_1_235' title='bbox 193 3918 269 3999; x_wconf 89' lang='lat' dir='ltr'><strong>Ego</strong></span> <span class='ocrx_word' id='word_1_236' title='bbox 299 3917 476 3981; x_wconf 87' lang='lat' dir='ltr'><strong>Leofricus</strong></span> <span class='ocrx_word' id='word_1_237' title='bbox 505 3936 620 3980; x_wconf 92' lang='lat' dir='ltr'><strong>comes</strong></span> <span class='ocrx_word' id='word_1_238' title='bbox 648 3919 800 3981; x_wconf 89' lang='lat' dir='ltr'><strong>concessi</strong></span> <span class='ocrx_word' id='word_1_239' title='bbox 822 3921 878 4000; x_wconf 56' lang='grc' dir='ltr'><strong>ᾖ.</strong></span> <span class='ocrx_word' id='word_1_240' title='bbox 953 3917 1030 4000; x_wconf 83' lang='lat' dir='ltr'><strong>Ego</strong></span> <span class='ocrx_word' id='word_1_241' title='bbox 1056 3916 1248 3982; x_wconf 86' lang='lat' dir='ltr'><strong>Eadwinus</strong></span> 
     </span>
     <span class='ocr_line' id='line_1_37' title="bbox 191 4016 1246 4099; baseline 0.001 -19"><span class='ocrx_word' id='word_1_242' title='bbox 191 4018 297 4080; x_wconf 85' lang='lat' dir='ltr'><strong>frater</strong></span> <span class='ocrx_word' id='word_1_243' title='bbox 311 4017 458 4082; x_wconf 86' lang='lat' dir='ltr'><strong>Leol&#39;rici</strong></span> <span class='ocrx_word' id='word_1_244' title='bbox 477 4018 646 4099; x_wconf 90' lang='lat' dir='ltr'><strong>[comitis]</strong></span> <span class='ocrx_word' id='word_1_245' title='bbox 662 4018 745 4081; x_wconf 87' lang='lat' dir='ltr'><strong>affui</strong></span> <span class='ocrx_word' id='word_1_246' title='bbox 761 4020 815 4099; x_wconf 56' lang='grc' dir='ltr'><strong>ᾖ.</strong></span> <span class='ocrx_word' id='word_1_247' title='bbox 856 4018 933 4099; x_wconf 81' lang='lat' dir='ltr'><strong>Ego</strong></span> <span class='ocrx_word' id='word_1_248' title='bbox 950 4017 1130 4081; x_wconf 90' lang='lat' dir='ltr'><strong>Haroldus</strong></span> <span class='ocrx_word' id='word_1_249' title='bbox 1153 4016 1246 4081; x_wconf 88' lang='lat' dir='ltr'><strong>filius</strong></span> 
     </span>
     <span class='ocr_line' id='line_1_38' title="bbox 193 4116 1247 4201; baseline 0.003 -21"><span class='ocrx_word' id='word_1_250' title='bbox 193 4116 354 4181; x_wconf 86' lang='lat' dir='ltr'><strong>Godwini</strong></span> <span class='ocrx_word' id='word_1_251' title='bbox 385 4118 521 4182; x_wconf 89' lang='lat' dir='ltr'><strong>comitis</strong></span> <span class='ocrx_word' id='word_1_252' title='bbox 556 4118 695 4182; x_wconf 90' lang='lat' dir='ltr'><strong>intersni</strong></span> <span class='ocrx_word' id='word_1_253' title='bbox 714 4120 770 4199; x_wconf 68' lang='lat'><strong>»1«.</strong></span> <span class='ocrx_word' id='word_1_254' title='bbox 844 4118 921 4200; x_wconf 83' lang='lat' dir='ltr'><strong>Ego</strong></span> <span class='ocrx_word' id='word_1_255' title='bbox 945 4117 1123 4201; x_wconf 80' lang='lat' dir='ltr'><strong>AElfgarus</strong></span> <span class='ocrx_word' id='word_1_256' title='bbox 1153 4116 1247 4182; x_wconf 85' lang='lat' dir='ltr'><strong>lilius</strong></span> 
     </span>
    </p>
   </div>
   <div class='ocr_carea' id='block_1_3' title="bbox 0 0 1456 4890">
    <p class='ocr_par' dir='ltr' id='par_1_4' title="bbox 0 0 1456 4890">
     <span class='ocr_line' id='line_1_39' title="bbox 0 0 1456 4890; baseline 0 1"><span class='ocrx_word' id='word_1_257' title='bbox 0 0 1456 4890; x_wconf 95' lang='lat' dir='ltr'><strong> </strong></span> 
     </span>
    </p>
   </div>
  </div>
 </body>
</html>
