2902 4890
245 354 312 420 188
510 372 683 422 cnnnrnn
704 369 1050 420 nnenosnxourcnn.

246 528 400 606 seruans,
419 530 484 594 sub
500 529 621 594 habitu
647 529 823 610 religionis
841 528 980 593 Christo
1003 528 1142 595 domiuo
1168 538 1204 597 et
1226 532 1308 596 eius·

246 629 349 693 beato
377 629 534 712 apostolo
563 629 670 695 Petro
699 629 868 692 indefesse
900 629 1086 696 deseruiat.
1152 631 1190 695 Si
1221 634 1300 716 quis

246 736 362 792 autem
380 737 501 794 contra
523 729 613 794 banc
632 730 886 812 praeceptionis
916 738 952 794 et
977 730 1196 796 auctoritatis
1220 752 1303 796 nos-

245 836 322 893 trae
354 830 518 912 paginam
546 831 704 907 senserit,
731 830 927 912 quicunque
957 829 1015 894 ille
1046 830 1162 909 fuerit,
1183 832 1299 896 cuius-

245 948 381 1011 cunque
396 928 543 993 nominis
561 939 596 995 et
610 929 762 1007 honoris,
773 929 898 994 aetatis
914 938 948 995 et
959 933 1156 1012 potestatis,
1167 932 1298 1014 gradus

244 1034 280 1093 et
305 1029 444 1107 ordinis,
468 1037 504 1094 et
530 1049 606 1093 eam
632 1030 688 1094 uel
716 1030 753 1092 in
782 1048 912 1112 magno
937 1030 994 1094 uel
1019 1030 1055 1094 in
1078 1033 1219 1096 minimo
1243 1034 1298 1097 in·

244 1126 393 1210 fringere
422 1130 584 1208 uoluerit,
614 1138 649 1194 et
675 1129 762 1194 alios
790 1130 833 1193 ad
862 1129 928 1194 boc
957 1131 1162 1211 condixerit,
1188 1153 1297 1198 unus-

244 1230 390 1313 quisque
417 1248 543 1313 prose
570 1229 677 1294 libras
706 1230 859 1312 quinque
883 1230 1042 1312 partibus
1070 1234 1182 1297 sancti
1199 1233 1296 1299 Petri

243 1330 432 1414 persoluat,
450 1337 485 1394 et
502 1330 664 1412 quicquid
684 1328 809 1393 exinde
831 1328 934 1392 fiscus
958 1337 1076 1397 noster
1094 1333 1137 1396 ad
1161 1341 1296 1416 partem

244 1438 398 1495 nostram
415 1449 575 1512 separare
593 1437 730 1512 poterat
745 1430 781 1492 in
798 1428 1024 1494 luminaribus
1039 1431 1094 1494 uel
1114 1433 1296 1515 stipendiis

242 1529 488 1594 monachorum
511 1549 572 1594 seu
589 1537 624 1593 et
640 1528 843 1593 elemosinas
859 1548 1051 1612 pauperum
1070 1531 1179 1614 ipsius
1196 1554 1295 1598 mon·

242 1631 361 1695 asterii
388 1630 583 1712 perenniter
603 1649 666 1713 per
689 1636 808 1693 nostra
824 1629 966 1694 oracula
985 1631 1029 1694 ad
1051 1631 1225 1715 integrum
1248 1635 1296 1699 sit

241 1749 441 1795 concessum
487 1737 592 1812 atque
626 1728 808 1793 indultum.
877 1730 985 1797 Hanc.
1019 1730 1128 1813 igitur
1161 1741 1294 1798 cartam

240 1851 337 1894 meae
353 1830 547 1893 donationis
565 1836 600 1893 et
617 1829 787 1893 libertatis
809 1830 845 1892 in
868 1828 923 1894 die
945 1829 1170 1896 dedicationis
1192 1854 1294 1916 prae·

242 1931 354 1995 dictae
371 1929 559 2010 aecclesiae
576 1929 714 1993 recitari
730 1929 816 1993 iussi
840 1948 956 1994 coram
972 1930 1154 2016 episcopis,
1173 1935 1295 2000 abbat-

240 2033 331 2110 ibuS,
346 2030 540 2107 comitibus,
556 2037 591 2094 et
608 2030 768 2094 omnibus
792 2030 1017 2112 optimatibus
1034 2029 1192 2114 Angliae,
1218 2054 1294 2099 om·

240 2134 344 2215 nique
365 2129 495 2214 populo
517 2130 678 2194 audiente
698 2137 734 2194 et
753 2129 904 2207 uidente,
919 2137 955 2195 et
976 2133 1163 2197 secundum
1189 2154 1291 2218 apos·

240 2233 335 2297 tolici
347 2230 473 2295 Leonis
489 2230 631 2313 eiusque
648 2231 856 2295 successoris
872 2229 1036 2296 Nicholai
1053 2235 1294 2314 constitutum,

240 2331 531 2397 excommunicari
545 2329 611 2394 feci
631 2331 765 2413 eosqui
783 2329 956 2394 decretum
973 2338 1128 2397 nostrum
1145 2335 1292 2418 infring-

240 2441 337 2498 erent
352 2431 408 2496 uel
424 2430 564 2512 infringi
580 2431 829 2514 permitterent,
845 2439 1011 2513 quantum
1031 2433 1067 2495 in
1085 2434 1170 2517 ipsis
1187 2445 1296 2502 esset.

241 2533 408 2616 Quisquis
428 2538 543 2596 autern
562 2549 799 2595 successorum
816 2550 971 2594 meorum
988 2532 1078 2597 hanc
1095 2533 1293 2600 donationis

239 2636 434 2701 libertatem
472 2630 617 2694 firmiter
652 2637 756 2713 atque
793 2629 1040 2695 inuiolabiliter
1077 2635 1292 2714 custodierit,

239 2742 380 2801 aeterna
405 2738 589 2795 coronetur
615 2730 786 2807 claritate,
803 2729 1031 2814 coelestisque
1060 2735 1158 2816 regni
1187 2736 1291 2818 plena

238 2834 436 2920 perfruatur
451 2830 648 2894 foelicitate.
699 2829 737 2893 Si
766 2829 844 2912 quis
864 2850 959 2908 uero,
981 2832 1074 2915 quod
1096 2835 1199 2912 absit,
1213 2856 1288 2901 eam

238 2936 414 2998 destruere
425 2929 586 3007 uoluerit,
595 2929 652 2993 uel
666 2929 768 2993 huius
778 2930 888 2994 nostri
902 2929 1030 2996 decreti
1044 2935 1288 3014 contradictor,

238 3032 435 3107 conuulsor,
458 3037 493 3094 et
513 3036 699 3093 temerator
717 3029 885 3107 extiterit,
903 3050 981 3094 cum
1002 3031 1092 3097 Iuda
1113 3035 1289 3117 proditore

237 3142 377 3200 aeterno
402 3129 616 3194 anathemati
643 3129 834 3206 subiaceat,
862 3130 928 3193 nisi
951 3130 1015 3196 deo
1043 3140 1078 3197 et
1099 3135 1202 3199 beato
1224 3156 1289 3202 suo

236 3231 395 3319 apostolo
409 3230 515 3293 Petro
532 3230 638 3312 digna
656 3230 869 3313 poenitentia
885 3230 1101 3298 satisfecerit.
1139 3235 1189 3299 Ut
1204 3256 1289 3319 ergo

235 3336 321 3400 haec
347 3330 535 3396 auctoritas
559 3330 686 3394 nostris
712 3337 748 3394 et
770 3330 895 3394 futuris
925 3333 1170 3416 tempo[ribus]
1196 3336 1288 3403 circa

234 3437 349 3520 ipsum
384 3437 543 3494 sanctum
573 3428 687 3493 locum
715 3431 912 3513 perenniter
937 3431 1036 3496 firma
1063 3438 1099 3497 et
1119 3434 1289 3503 inuiolata

235 3538 448 3622 permaneat,
468 3528 525 3592 uel
551 3548 613 3611 per
629 3530 744 3593 omnia
758 3536 914 3612 tempora
934 3531 1055 3596 illaesa
1071 3534 1291 3602 custodiatur·

236 3644 341 3718 atque
365 3636 587 3695 conseruetur
606 3636 641 3693 et
663 3629 706 3693 ab
728 3630 886 3694 omnibus
913 3632 1137 3713 optimatibus
1160 3638 1289 3703 nostris

236 3743 271 3802 et
301 3731 470 3797 iudicibus
500 3726 646 3810 publicis
685 3735 720 3792 et
750 3728 897 3811 priuatis
926 3731 1049 3795 melius
1079 3751 1130 3797 ac.
1158 3737 1287 3803 certius

235 3834 406 3908 credatur,
420 3846 542 3892 manus
557 3835 695 3892 nostrae
712 3830 1059 3912 superscriptionibus
1074 3835 1194 3898 subter
1209 3856 1287 3902 eam

235 3932 448 4000 decreuimns
486 3927 659 4005 roborare,
701 3935 736 3992 et
773 3928 917 3994 idoneos
958 3938 1066 3997 testes
1107 3942 1289 4018 annotare,

234 4043 339 4117 atque
356 4030 470 4112 sigillo
487 4034 605 4091 nostro
620 4027 783 4092 iussimus
798 4028 960 4111 sigillare.
1146 4100 1149 4104 A

289 4136 328 4216 ›1‹
352 4132 427 4213 Ego
455 4127 667 4194 Eadwardus
693 4129 747 4194 dei
775 4131 889 4212 gratia
909 4128 1105 4214 Anglorum
1131 4157 1194 4203 rex
1219 4139 1285 4205 hoc
