<?xml version="1.0" encoding="UTF-8"?>
<!DOCTYPE html PUBLIC "-//W3C//DTD XHTML 1.0 Transitional//EN"
    "http://www.w3.org/TR/xhtml1/DTD/xhtml1-transitional.dtd">
<html xmlns="http://www.w3.org/1999/xhtml" xml:lang="en" lang="en">
 <head>
  <title>
</title>
<meta http-equiv="Content-Type" content="text/html;charset=utf-8" />
  <meta name='ocr-system' content='tesseract 3.04.00' />
  <meta name='ocr-capabilities' content='ocr_page ocr_carea ocr_par ocr_line ocrx_word'/>
</head>
<body>
  <div class='ocr_page' id='page_1' title='image "./codexdiplomatic03kembgoog_0053.png"; bbox 0 0 2902 4890; ppageno 0'>
   <div class='ocr_carea' id='block_1_1' title="bbox 243 352 1037 421">
    <p class='ocr_par' dir='ltr' id='par_1_1' title="bbox 243 352 1037 421">
     <span class='ocr_line' id='line_1_1' title="bbox 243 352 1037 421; baseline 0.001 -3"><span class='ocrx_word' id='word_1_1' title='bbox 243 352 289 418; x_wconf 72' lang='lat'>26</span> <span class='ocrx_word' id='word_1_2' title='bbox 502 368 675 420; x_wconf 68' lang='lat' dir='ltr'>mannan</span> <span class='ocrx_word' id='word_1_3' title='bbox 696 370 1037 421; x_wconf 70' lang='lat' dir='ltr'>auennenxomoan.</span> 
     </span>
    </p>
   </div>
   <div class='ocr_carea' id='block_1_2' title="bbox 245 523 1306 1810">
    <p class='ocr_par' dir='ltr' id='par_1_2' title="bbox 245 523 1306 1810">
     <span class='ocr_line' id='line_1_2' title="bbox 247 523 1305 608; baseline 0.006 -20"><span class='ocrx_word' id='word_1_4' title='bbox 247 544 374 589; x_wconf 86' lang='lat' dir='ltr'>manna</span> <span class='ocrx_word' id='word_1_5' title='bbox 405 523 484 608; x_wconf 79' lang='lat' dir='ltr'>daeg</span> <span class='ocrx_word' id='word_1_6' title='bbox 514 534 561 591; x_wconf 86' lang='lat' dir='ltr'>aet</span> <span class='ocrx_word' id='word_1_7' title='bbox 590 527 669 592; x_wconf 66' lang='lat' dir='ltr'>dim</span> <span class='ocrx_word' id='word_1_8' title='bbox 701 527 818 592; x_wconf 83' lang='lat' dir='ltr'><strong>hirede</strong></span> <span class='ocrx_word' id='word_1_9' title='bbox 850 549 896 593; x_wconf 96' lang='lat' dir='ltr'>on</span> <span class='ocrx_word' id='word_1_10' title='bbox 928 529 1200 608; x_wconf 82' lang='lat' dir='ltr'>wincelcumbe,</span> <span class='ocrx_word' id='word_1_11' title='bbox 1229 528 1305 594; x_wconf 82' lang='lat' dir='ltr'>and</span> 
     </span>
     <span class='ocr_line' id='line_1_3' title="bbox 246 620 1306 713; baseline 0.003 -23"><span class='ocrx_word' id='word_1_12' title='bbox 246 626 363 690; x_wconf 77' lang='lat' dir='ltr'>sealde</span> <span class='ocrx_word' id='word_1_13' title='bbox 394 625 479 709; x_wconf 89' lang='lat' dir='ltr'>hyre</span> <span class='ocrx_word' id='word_1_14' title='bbox 512 631 584 691; x_wconf 75' lang='lat' dir='ltr'>uaet</span> <span class='ocrx_word' id='word_1_15' title='bbox 608 628 689 692; x_wconf 94' lang='lat' dir='ltr'>land</span> <span class='ocrx_word' id='word_1_16' title='bbox 722 635 768 692; x_wconf 86' lang='lat' dir='ltr'>aet</span> <span class='ocrx_word' id='word_1_17' title='bbox 800 623 1050 694; x_wconf 75' lang='lat' dir='ltr'>Eanulfintsrne</span> <span class='ocrx_word' id='word_1_18' title='bbox 1081 620 1121 695; x_wconf 70' lang='lat' dir='ltr'>ts)</span> <span class='ocrx_word' id='word_1_19' title='bbox 1149 628 1306 713; x_wconf 80' lang='lat' dir='ltr'>gysenna</span> 
     </span>
     <span class='ocr_line' id='line_1_4' title="bbox 246 716 1302 810; baseline 0.003 -21"><span class='ocrx_word' id='word_1_20' title='bbox 246 725 314 789; x_wconf 90' lang='lat' dir='ltr'>and</span> <span class='ocrx_word' id='word_1_21' title='bbox 338 716 377 790; x_wconf 72' lang='lat' dir='ltr'>tf)</span> <span class='ocrx_word' id='word_1_22' title='bbox 402 727 558 809; x_wconf 82' lang='lat' dir='ltr'>syllenne</span> <span class='ocrx_word' id='word_1_23' title='bbox 578 729 657 791; x_wconf 64' lang='lat' dir='ltr'>dam</span> <span class='ocrx_word' id='word_1_24' title='bbox 687 735 731 792; x_wconf 74' lang='lat' dir='ltr'>tte</span> <span class='ocrx_word' id='word_1_25' title='bbox 757 728 829 792; x_wconf 85' lang='lat' dir='ltr'>hire</span> <span class='ocrx_word' id='word_1_26' title='bbox 851 720 976 794; x_wconf 81' lang='lat' dir='ltr'>le6fest</span> <span class='ocrx_word' id='word_1_27' title='bbox 999 718 1101 794; x_wconf 53' lang='lat' dir='ltr'>ware</span> <span class='ocrx_word' id='word_1_28' title='bbox 1123 749 1169 793; x_wconf 95' lang='lat' dir='ltr'>on</span> <span class='ocrx_word' id='word_1_29' title='bbox 1198 730 1302 810; x_wconf 80' lang='lat' dir='ltr'>daege</span> 
     </span>
     <span class='ocr_line' id='line_1_5' title="bbox 248 818 1304 910; baseline 0.003 -20"><span class='ocrx_word' id='word_1_30' title='bbox 248 825 316 890; x_wconf 88' lang='lat' dir='ltr'>and</span> <span class='ocrx_word' id='word_1_31' title='bbox 342 825 441 892; x_wconf 81' lang='lat' dir='ltr'>aester</span> <span class='ocrx_word' id='word_1_32' title='bbox 470 827 580 909; x_wconf 85' lang='lat' dir='ltr'>daege,</span> <span class='ocrx_word' id='word_1_33' title='bbox 605 818 682 893; x_wconf 56' lang='grc' dir='ltr'>δῶν</span> <span class='ocrx_word' id='word_1_34' title='bbox 703 827 776 893; x_wconf 90' lang='lat' dir='ltr'>hire</span> <span class='ocrx_word' id='word_1_35' title='bbox 799 821 923 893; x_wconf 71' lang='lat' dir='ltr'>lehfest</span> <span class='ocrx_word' id='word_1_36' title='bbox 946 829 1063 910; x_wconf 67' lang='lat' dir='ltr'>wfere3</span> <span class='ocrx_word' id='word_1_37' title='bbox 1091 829 1161 894; x_wconf 90' lang='lat' dir='ltr'>and</span> <span class='ocrx_word' id='word_1_38' title='bbox 1183 818 1304 893; x_wconf 65' lang='lat' dir='ltr'>beha‘et</span> 
     </span>
     <span class='ocr_line' id='line_1_6' title="bbox 247 925 1302 1009; baseline 0.003 -19"><span class='ocrx_word' id='word_1_39' title='bbox 247 925 321 990; x_wconf 85' lang='lat' dir='ltr'>hire</span> <span class='ocrx_word' id='word_1_40' title='bbox 349 943 395 992; x_wconf 80' lang='lat' dir='ltr'>.n.</span> <span class='ocrx_word' id='word_1_41' title='bbox 418 946 557 991; x_wconf 78' lang='lat' dir='ltr'><strong>mances</strong></span> <span class='ocrx_word' id='word_1_42' title='bbox 580 928 711 1009; x_wconf 80' lang='lat' dir='ltr'><strong>goldes,</strong></span> <span class='ocrx_word' id='word_1_43' title='bbox 734 929 801 992; x_wconf 90' lang='lat' dir='ltr'>and</span> <span class='ocrx_word' id='word_1_44' title='bbox 826 949 926 994; x_wconf 64' lang='lat' dir='ltr'>‚xxm</span> <span class='ocrx_word' id='word_1_45' title='bbox 954 948 1083 994; x_wconf 89' lang='lat' dir='ltr'>manna</span> <span class='ocrx_word' id='word_1_46' title='bbox 1109 930 1178 994; x_wconf 89' lang='lat' dir='ltr'>and</span> <span class='ocrx_word' id='word_1_47' title='bbox 1194 944 1302 993; x_wconf 62' lang='grc' dir='ltr'>,ιη</span> 
     </span>
     <span class='ocr_line' id='line_1_7' title="bbox 246 1018 1302 1111; baseline 0.003 -22"><span class='ocrx_word' id='word_1_48' title='bbox 246 1025 361 1091; x_wconf 86' lang='lat' dir='ltr'>borsa.</span> <span class='ocrx_word' id='word_1_49' title='bbox 413 1020 475 1092; x_wconf 79' lang='lat' dir='ltr'>Nfi</span> <span class='ocrx_word' id='word_1_50' title='bbox 490 1046 571 1091; x_wconf 89' lang='lat' dir='ltr'>waes</span> <span class='ocrx_word' id='word_1_51' title='bbox 590 1034 695 1110; x_wconf 73' lang='lat' dir='ltr'>’ayses</span> <span class='ocrx_word' id='word_1_52' title='bbox 711 1019 750 1092; x_wconf 82' lang='lat' dir='ltr'>t6</span> <span class='ocrx_word' id='word_1_53' title='bbox 767 1031 984 1111; x_wconf 74' lang='lat' dir='ltr'>gewithesse,</span> <span class='ocrx_word' id='word_1_54' title='bbox 997 1018 1176 1095; x_wconf 69' lang='lat' dir='ltr'>Wulistan</span> <span class='ocrx_word' id='word_1_55' title='bbox 1200 1042 1302 1092; x_wconf 86' lang='lat' dir='ltr'>arce-</span> 
     </span>
     <span class='ocr_line' id='line_1_8' title="bbox 245 1118 1300 1209; baseline 0 -19"><span class='ocrx_word' id='word_1_56' title='bbox 245 1127 398 1209; x_wconf 88' lang='lat' dir='ltr'>bisceop,</span> <span class='ocrx_word' id='word_1_57' title='bbox 421 1127 489 1192; x_wconf 89' lang='lat' dir='ltr'>and</span> <span class='ocrx_word' id='word_1_58' title='bbox 511 1119 689 1193; x_wconf 72' lang='lat' dir='ltr'>Lediwine</span> <span class='ocrx_word' id='word_1_59' title='bbox 712 1129 925 1206; x_wconf 81' lang='lat' dir='ltr'>ealdorman,</span> <span class='ocrx_word' id='word_1_60' title='bbox 947 1118 1213 1194; x_wconf 68' lang='lat' dir='ltr'>andAEltelstfin</span> <span class='ocrx_word' id='word_1_61' title='bbox 1229 1128 1300 1192; x_wconf 89' lang='lat' dir='ltr'>bis-</span> 
     </span>
     <span class='ocr_line' id='line_1_9' title="bbox 247 1222 1302 1309; baseline 0.003 -19"><span class='ocrx_word' id='word_1_62' title='bbox 247 1246 345 1309; x_wconf 90' lang='lat' dir='ltr'>ceop,</span> <span class='ocrx_word' id='word_1_63' title='bbox 376 1228 443 1292; x_wconf 93' lang='lat' dir='ltr'>and</span> <span class='ocrx_word' id='word_1_64' title='bbox 471 1227 641 1291; x_wconf 84' lang='lat' dir='ltr'>AElfword</span> <span class='ocrx_word' id='word_1_65' title='bbox 668 1229 794 1304; x_wconf 86' lang='lat' dir='ltr'>abbud,</span> <span class='ocrx_word' id='word_1_66' title='bbox 817 1230 884 1293; x_wconf 89' lang='lat' dir='ltr'>and</span> <span class='ocrx_word' id='word_1_67' title='bbox 911 1222 1035 1295; x_wconf 71' lang='lat' dir='ltr'>Briteh</span> <span class='ocrx_word' id='word_1_68' title='bbox 1060 1245 1199 1305; x_wconf 87' lang='lat' dir='ltr'>munuc,</span> <span class='ocrx_word' id='word_1_69' title='bbox 1227 1227 1302 1293; x_wconf 90' lang='lat' dir='ltr'>and</span> 
     </span>
     <span class='ocr_line' id='line_1_10' title="bbox 246 1316 1302 1411; baseline 0.002 -21"><span class='ocrx_word' id='word_1_70' title='bbox 246 1327 365 1408; x_wconf 79' lang='lat' dir='ltr'>manig</span> <span class='ocrx_word' id='word_1_71' title='bbox 385 1317 456 1408; x_wconf 70' lang='lat' dir='ltr'>god</span> <span class='ocrx_word' id='word_1_72' title='bbox 478 1346 560 1390; x_wconf 91' lang='lat' dir='ltr'>man</span> <span class='ocrx_word' id='word_1_73' title='bbox 577 1318 617 1392; x_wconf 72' lang='lat' dir='ltr'>to</span> <span class='ocrx_word' id='word_1_74' title='bbox 634 1316 741 1392; x_wconf 68' lang='lat' dir='ltr'>eacan</span> <span class='ocrx_word' id='word_1_75' title='bbox 765 1328 877 1406; x_wconf 90' lang='lat' dir='ltr'>heom,</span> <span class='ocrx_word' id='word_1_76' title='bbox 900 1318 1019 1411; x_wconf 50' lang='lat' dir='ltr'>&amp;gaer</span> <span class='ocrx_word' id='word_1_77' title='bbox 1039 1349 1083 1410; x_wconf 80' lang='lat' dir='ltr'>ge</span> <span class='ocrx_word' id='word_1_78' title='bbox 1100 1328 1231 1393; x_wconf 69' lang='lat' dir='ltr'>hfidode</span> <span class='ocrx_word' id='word_1_79' title='bbox 1252 1347 1302 1409; x_wconf 82' lang='lat' dir='ltr'>ge</span> 
     </span>
     <span class='ocr_line' id='line_1_11' title="bbox 246 1416 1301 1511; baseline 0.003 -21"><span class='ocrx_word' id='word_1_80' title='bbox 246 1427 409 1504; x_wconf 88' lang='lat' dir='ltr'>leawede,</span> <span class='ocrx_word' id='word_1_81' title='bbox 433 1433 505 1493; x_wconf 71' lang='lat' dir='ltr'>’aaut</span> <span class='ocrx_word' id='word_1_82' title='bbox 533 1427 595 1491; x_wconf 63' lang='lat' dir='ltr'>aas</span> <span class='ocrx_word' id='word_1_83' title='bbox 620 1428 833 1492; x_wconf 83' lang='lat' dir='ltr'>forewearda</span> <span class='ocrx_word' id='word_1_84' title='bbox 857 1420 927 1494; x_wconf 75' lang='lat' dir='ltr'>uris</span> <span class='ocrx_word' id='word_1_85' title='bbox 952 1428 1130 1511; x_wconf 82' lang='lat' dir='ltr'>geworhte</span> <span class='ocrx_word' id='word_1_86' title='bbox 1154 1416 1301 1493; x_wconf 60' lang='lat' dir='ltr'>waeran.</span> 
     </span>
     <span class='ocr_line' id='line_1_12' title="bbox 248 1516 1305 1611; baseline -0.002 -19"><span class='ocrx_word' id='word_1_87' title='bbox 248 1521 311 1592; x_wconf 77' lang='lat' dir='ltr'>Nsr</span> <span class='ocrx_word' id='word_1_88' title='bbox 334 1527 468 1608; x_wconf 88' lang='lat' dir='ltr'>syndon</span> <span class='ocrx_word' id='word_1_89' title='bbox 490 1516 528 1590; x_wconf 80' lang='lat' dir='ltr'>t6</span> <span class='ocrx_word' id='word_1_90' title='bbox 553 1534 675 1611; x_wconf 55' lang='lat' dir='ltr'>§ysam</span> <span class='ocrx_word' id='word_1_91' title='bbox 702 1528 918 1594; x_wconf 85' lang='lat' dir='ltr'>forewordan</span> <span class='ocrx_word' id='word_1_92' title='bbox 940 1519 1013 1594; x_wconf 66' lang='lat' dir='ltr'>twa</span> <span class='ocrx_word' id='word_1_93' title='bbox 1037 1529 1194 1610; x_wconf 81' lang='lat' dir='ltr'>gewrita,</span> <span class='ocrx_word' id='word_1_94' title='bbox 1216 1517 1305 1591; x_wconf 63' lang='lat' dir='ltr'>dher</span> 
     </span>
     <span class='ocr_line' id='line_1_13' title="bbox 247 1617 1304 1711; baseline 0.003 -21"><span class='ocrx_word' id='word_1_95' title='bbox 247 1629 317 1692; x_wconf 91' lang='lat' dir='ltr'>mid</span> <span class='ocrx_word' id='word_1_96' title='bbox 348 1627 427 1692; x_wconf 67' lang='lat' dir='ltr'>bam</span> <span class='ocrx_word' id='word_1_97' title='bbox 458 1627 698 1710; x_wconf 86' lang='lat' dir='ltr'>arcebisceope</span> <span class='ocrx_word' id='word_1_98' title='bbox 723 1648 768 1692; x_wconf 90' lang='lat' dir='ltr'>on</span> <span class='ocrx_word' id='word_1_99' title='bbox 794 1629 1082 1711; x_wconf 85' lang='lat' dir='ltr'>Wigereceastre‚</span> <span class='ocrx_word' id='word_1_100' title='bbox 1113 1626 1181 1693; x_wconf 86' lang='lat' dir='ltr'>and</span> <span class='ocrx_word' id='word_1_101' title='bbox 1211 1617 1304 1693; x_wconf 72' lang='lat' dir='ltr'>ouer</span> 
     </span>
     <span class='ocr_line' id='line_1_14' title="bbox 245 1717 958 1810; baseline 0.001 -19"><span class='ocrx_word' id='word_1_102' title='bbox 245 1729 315 1791; x_wconf 91' lang='lat' dir='ltr'>mid</span> <span class='ocrx_word' id='word_1_103' title='bbox 332 1717 537 1792; x_wconf 66' lang='lat' dir='ltr'>AEbelstane</span> <span class='ocrx_word' id='word_1_104' title='bbox 553 1727 694 1810; x_wconf 85' lang='lat' dir='ltr'>bisceop</span> <span class='ocrx_word' id='word_1_105' title='bbox 709 1748 754 1792; x_wconf 92' lang='lat' dir='ltr'>on</span> <span class='ocrx_word' id='word_1_106' title='bbox 772 1729 958 1795; x_wconf 83' lang='lat' dir='ltr'>Herlorda.</span> 
     </span>
    </p>
   </div>
   <div class='ocr_carea' id='block_1_3' title="bbox 617 2022 919 2253">
    <p class='ocr_par' dir='ltr' id='par_1_3' title="bbox 617 2022 919 2253">
     <span class='ocr_line' id='line_1_15' title="bbox 617 2022 919 2092; baseline -0.01 -1"><span class='ocrx_word' id='word_1_107' title='bbox 617 2022 919 2092; x_wconf 86' lang='lat' dir='ltr'>DCCXXXIX.</span> 
     </span>
     <span class='ocr_line' id='line_1_16' title="bbox 640 2168 904 2253; baseline 0.008 -16"><span class='ocrx_word' id='word_1_108' title='bbox 640 2168 789 2253; x_wconf 85' lang='lat' dir='ltr'><strong>CNUT,</strong></span> <span class='ocrx_word' id='word_1_109' title='bbox 805 2174 904 2239; x_wconf 79' lang='lat'>1023.</span> 
     </span>
    </p>
   </div>
   <div class='ocr_carea' id='block_1_4' title="bbox 245 2323 1298 2410">
    <p class='ocr_par' dir='ltr' id='par_1_4' title="bbox 245 2323 1298 2410">
     <span class='ocr_line' id='line_1_17' title="bbox 245 2323 1298 2410; baseline -0.001 -19"><span class='ocrx_word' id='word_1_110' title='bbox 245 2362 247 2366; x_wconf 16' lang='grc' dir='ltr'><em>Α</em></span> <span class='ocrx_word' id='word_1_111' title='bbox 299 2329 338 2410; x_wconf 78' lang='lat'>›1‹</span> <span class='ocrx_word' id='word_1_112' title='bbox 363 2327 569 2391; x_wconf 70' lang='lat' dir='ltr'>Rucuma</span> <span class='ocrx_word' id='word_1_113' title='bbox 600 2323 740 2388; x_wconf 87' lang='lat' dir='ltr'>Christo</span> <span class='ocrx_word' id='word_1_114' title='bbox 769 2323 875 2388; x_wconf 89' lang='lat' dir='ltr'>lhesu</span> <span class='ocrx_word' id='word_1_115' title='bbox 900 2323 1076 2388; x_wconf 89' lang='lat' dir='ltr'>saluatore</span> <span class='ocrx_word' id='word_1_116' title='bbox 1111 2331 1230 2388; x_wconf 89' lang='lat' dir='ltr'>nostro</span> <span class='ocrx_word' id='word_1_117' title='bbox 1258 2325 1298 2390; x_wconf 90' lang='lat' dir='ltr'>iu</span> 
     </span>
    </p>
   </div>
   <div class='ocr_carea' id='block_1_5' title="bbox 238 2424 1365 4207">
    <p class='ocr_par' dir='ltr' id='par_1_5' title="bbox 238 2424 1365 4207">
     <span class='ocr_line' id='line_1_18' title="bbox 244 2424 1301 2506; baseline -0.003 -13"><span class='ocrx_word' id='word_1_118' title='bbox 244 2435 433 2503; x_wconf 89' lang='lat' dir='ltr'>aeternum,</span> <span class='ocrx_word' id='word_1_119' title='bbox 455 2425 555 2490; x_wconf 86' lang='lat' dir='ltr'>cuius</span> <span class='ocrx_word' id='word_1_120' title='bbox 577 2432 662 2489; x_wconf 92' lang='lat' dir='ltr'>nutu</span> <span class='ocrx_word' id='word_1_121' title='bbox 686 2426 838 2489; x_wconf 91' lang='lat' dir='ltr'>omnium</span> <span class='ocrx_word' id='word_1_122' title='bbox 864 2424 1020 2488; x_wconf 86' lang='lat' dir='ltr'>ordinum</span> <span class='ocrx_word' id='word_1_123' title='bbox 1047 2430 1238 2506; x_wconf 84' lang='lat' dir='ltr'>potestates</span> <span class='ocrx_word' id='word_1_124' title='bbox 1260 2433 1301 2491; x_wconf 90' lang='lat' dir='ltr'>et</span> 
     </span>
     <span class='ocr_line' id='line_1_19' title="bbox 245 2522 1297 2607; baseline -0.004 -14"><span class='ocrx_word' id='word_1_125' title='bbox 245 2529 361 2594; x_wconf 91' lang='lat' dir='ltr'>omnia</span> <span class='ocrx_word' id='word_1_126' title='bbox 394 2528 471 2590; x_wconf 86' lang='lat' dir='ltr'>iura</span> <span class='ocrx_word' id='word_1_127' title='bbox 492 2525 723 2607; x_wconf 88' lang='lat' dir='ltr'>disponuntur</span> <span class='ocrx_word' id='word_1_128' title='bbox 744 2525 948 2606; x_wconf 84' lang='lat' dir='ltr'>regnorum!</span> <span class='ocrx_word' id='word_1_129' title='bbox 1000 2522 1103 2587; x_wconf 90' lang='lat' dir='ltr'>Anno</span> <span class='ocrx_word' id='word_1_130' title='bbox 1133 2525 1297 2589; x_wconf 84' lang='lat' dir='ltr'>iucarna-</span> 
     </span>
     <span class='ocr_line' id='line_1_20' title="bbox 244 2623 1365 2693; baseline -0.004 0"><span class='ocrx_word' id='word_1_131' title='bbox 244 2628 349 2693; x_wconf 87' lang='lat' dir='ltr'>tionis</span> <span class='ocrx_word' id='word_1_132' title='bbox 365 2625 517 2690; x_wconf 87' lang='lat' dir='ltr'>eiusdem</span> <span class='ocrx_word' id='word_1_133' title='bbox 540 2623 645 2687; x_wconf 89' lang='lat' dir='ltr'>lhesu</span> <span class='ocrx_word' id='word_1_134' title='bbox 663 2623 793 2688; x_wconf 85' lang='lat' dir='ltr'>Christi</span> <span class='ocrx_word' id='word_1_135' title='bbox 814 2623 995 2687; x_wconf 90' lang='lat' dir='ltr'>millesimo</span> <span class='ocrx_word' id='word_1_136' title='bbox 1018 2627 1157 2688; x_wconf 75' lang='lat' dir='ltr'>‚xxur⁰.</span> <span class='ocrx_word' id='word_1_137' title='bbox 1183 2624 1298 2689; x_wconf 87' lang='lat' dir='ltr'>indic·-</span> <span class='ocrx_word' id='word_1_138' title='bbox 1360 2653 1365 2662; x_wconf 83' lang='lat'><strong>·</strong></span> 
     </span>
     <span class='ocr_line' id='line_1_21' title="bbox 242 2722 1298 2806; baseline -0.002 -15"><span class='ocrx_word' id='word_1_139' title='bbox 242 2728 339 2792; x_wconf 81' lang='lat' dir='ltr'>tione</span> <span class='ocrx_word' id='word_1_140' title='bbox 371 2742 430 2789; x_wconf 74' lang='lat' dir='ltr'>,vn</span> <span class='ocrx_word' id='word_1_141' title='bbox 454 2742 519 2804; x_wconf 81' lang='lat' dir='ltr'>ego</span> <span class='ocrx_word' id='word_1_142' title='bbox 543 2722 637 2787; x_wconf 87' lang='lat' dir='ltr'>Cnut</span> <span class='ocrx_word' id='word_1_143' title='bbox 658 2740 723 2786; x_wconf 87' lang='lat' dir='ltr'>rex</span> <span class='ocrx_word' id='word_1_144' title='bbox 744 2723 939 2806; x_wconf 81' lang='lat' dir='ltr'>Anglorum</span> <span class='ocrx_word' id='word_1_145' title='bbox 968 2724 1095 2788; x_wconf 87' lang='lat' dir='ltr'>denoto</span> <span class='ocrx_word' id='word_1_146' title='bbox 1119 2724 1202 2787; x_wconf 93' lang='lat' dir='ltr'>mihi</span> <span class='ocrx_word' id='word_1_147' title='bbox 1233 2726 1298 2789; x_wconf 84' lang='lat' dir='ltr'>mi-</span> 
     </span>
     <span class='ocr_line' id='line_1_22' title="bbox 244 2822 1297 2906; baseline -0.002 -16"><span class='ocrx_word' id='word_1_148' title='bbox 244 2828 354 2891; x_wconf 88' lang='lat' dir='ltr'>nistro</span> <span class='ocrx_word' id='word_1_149' title='bbox 376 2825 436 2906; x_wconf 92' lang='lat' dir='ltr'>qui</span> <span class='ocrx_word' id='word_1_150' title='bbox 467 2822 642 2888; x_wconf 85' lang='lat' dir='ltr'>Leofwine</span> <span class='ocrx_word' id='word_1_151' title='bbox 667 2825 804 2888; x_wconf 92' lang='lat' dir='ltr'>nomine</span> <span class='ocrx_word' id='word_1_152' title='bbox 830 2831 865 2888; x_wconf 90' lang='lat' dir='ltr'>et</span> <span class='ocrx_word' id='word_1_153' title='bbox 890 2824 1037 2888; x_wconf 90' lang='lat' dir='ltr'>Bondan</span> <span class='ocrx_word' id='word_1_154' title='bbox 1058 2843 1148 2887; x_wconf 90' lang='lat' dir='ltr'>sunu</span> <span class='ocrx_word' id='word_1_155' title='bbox 1178 2825 1297 2906; x_wconf 89' lang='lat' dir='ltr'>appel-</span> 
     </span>
     <span class='ocr_line' id='line_1_23' title="bbox 244 2923 1295 3005; baseline -0.001 -15"><span class='ocrx_word' id='word_1_156' title='bbox 244 2927 338 2991; x_wconf 90' lang='lat' dir='ltr'>latur</span> <span class='ocrx_word' id='word_1_157' title='bbox 369 2924 569 3005; x_wconf 79' lang='lat' dir='ltr'>cognomine</span> <span class='ocrx_word' id='word_1_158' title='bbox 611 2923 700 2988; x_wconf 88' lang='lat' dir='ltr'>hanc</span> <span class='ocrx_word' id='word_1_159' title='bbox 742 2924 911 2987; x_wconf 89' lang='lat' dir='ltr'>cartulam</span> <span class='ocrx_word' id='word_1_160' title='bbox 951 2923 1216 2988; x_wconf 82' lang='lat' dir='ltr'>haereditariam</span> <span class='ocrx_word' id='word_1_161' title='bbox 1249 2925 1295 2989; x_wconf 88' lang='lat' dir='ltr'>ad</span> 
     </span>
     <span class='ocr_line' id='line_1_24' title="bbox 244 3019 1297 3106; baseline -0.001 -17"><span class='ocrx_word' id='word_1_162' title='bbox 244 3026 362 3089; x_wconf 91' lang='lat' dir='ltr'>uillam</span> <span class='ocrx_word' id='word_1_163' title='bbox 380 3043 469 3106; x_wconf 91' lang='lat' dir='ltr'>quae</span> <span class='ocrx_word' id='word_1_164' title='bbox 488 3019 602 3086; x_wconf 74' lang='lat' dir='ltr'>.qu</span> <span class='ocrx_word' id='word_1_165' title='bbox 627 3031 840 3088; x_wconf 88' lang='lat' dir='ltr'>cassatomm</span> <span class='ocrx_word' id='word_1_166' title='bbox 860 3026 1040 3088; x_wconf 88' lang='lat' dir='ltr'>continens</span> <span class='ocrx_word' id='word_1_167' title='bbox 1066 3024 1297 3106; x_wconf 84' lang='lat' dir='ltr'>capacitatem</span> 
     </span>
     <span class='ocr_line' id='line_1_25' title="bbox 244 3123 1295 3207; baseline 0 -19"><span class='ocrx_word' id='word_1_168' title='bbox 244 3125 478 3205; x_wconf 85' lang='lat' dir='ltr'>Hauningtun</span> <span class='ocrx_word' id='word_1_169' title='bbox 508 3123 634 3186; x_wconf 91' lang='lat' dir='ltr'>dicitur</span> <span class='ocrx_word' id='word_1_170' title='bbox 665 3124 769 3187; x_wconf 89' lang='lat' dir='ltr'>scribi</span> <span class='ocrx_word' id='word_1_171' title='bbox 795 3125 965 3207; x_wconf 90' lang='lat' dir='ltr'>praecepi,</span> <span class='ocrx_word' id='word_1_172' title='bbox 999 3130 1039 3186; x_wconf 91' lang='lat' dir='ltr'>ut</span> <span class='ocrx_word' id='word_1_173' title='bbox 1069 3123 1134 3188; x_wconf 89' lang='lat' dir='ltr'>huc</span> <span class='ocrx_word' id='word_1_174' title='bbox 1165 3124 1295 3188; x_wconf 90' lang='lat' dir='ltr'>donum</span> 
     </span>
     <span class='ocr_line' id='line_1_26' title="bbox 241 3222 1295 3307; baseline 0.002 -19"><span class='ocrx_word' id='word_1_175' title='bbox 241 3245 354 3288; x_wconf 91' lang='lat' dir='ltr'>meum</span> <span class='ocrx_word' id='word_1_176' title='bbox 370 3244 505 3307; x_wconf 91' lang='lat' dir='ltr'>semper</span> <span class='ocrx_word' id='word_1_177' title='bbox 521 3222 718 3287; x_wconf 90' lang='lat' dir='ltr'>inuiolabile</span> <span class='ocrx_word' id='word_1_178' title='bbox 734 3231 770 3287; x_wconf 88' lang='lat' dir='ltr'>et</span> <span class='ocrx_word' id='word_1_179' title='bbox 785 3223 1063 3287; x_wconf 90' lang='lat' dir='ltr'>incommutabile</span> <span class='ocrx_word' id='word_1_180' title='bbox 1080 3233 1295 3305; x_wconf 89' lang='lat' dir='ltr'>permaneat.</span> 
     </span>
     <span class='ocr_line' id='line_1_27' title="bbox 243 3323 1295 3409; baseline -0.001 -19"><span class='ocrx_word' id='word_1_181' title='bbox 243 3326 308 3391; x_wconf 89' lang='lat' dir='ltr'>Uir</span> <span class='ocrx_word' id='word_1_182' title='bbox 324 3326 452 3409; x_wconf 92' lang='lat' dir='ltr'>quippe</span> <span class='ocrx_word' id='word_1_183' title='bbox 475 3324 671 3407; x_wconf 85' lang='lat' dir='ltr'>praedictus</span> <span class='ocrx_word' id='word_1_184' title='bbox 687 3324 775 3388; x_wconf 91' lang='lat' dir='ltr'>hanc</span> <span class='ocrx_word' id='word_1_185' title='bbox 799 3331 926 3387; x_wconf 89' lang='lat' dir='ltr'>terram</span> <span class='ocrx_word' id='word_1_186' title='bbox 948 3326 991 3387; x_wconf 85' lang='lat' dir='ltr'>ab</span> <span class='ocrx_word' id='word_1_187' title='bbox 1010 3323 1196 3388; x_wconf 71' lang='lat' dir='ltr'>AEttelredo</span> <span class='ocrx_word' id='word_1_188' title='bbox 1212 3344 1295 3407; x_wconf 85' lang='lat' dir='ltr'>rege</span> 
     </span>
     <span class='ocr_line' id='line_1_28' title="bbox 241 3423 1295 3511; baseline -0.001 -22"><span class='ocrx_word' id='word_1_189' title='bbox 241 3427 320 3511; x_wconf 89' lang='lat' dir='ltr'>puri</span> <span class='ocrx_word' id='word_1_190' title='bbox 336 3426 411 3488; x_wconf 91' lang='lat' dir='ltr'>auri</span> <span class='ocrx_word' id='word_1_191' title='bbox 426 3426 577 3508; x_wconf 91' lang='lat' dir='ltr'>pondere</span> <span class='ocrx_word' id='word_1_192' title='bbox 592 3423 715 3487; x_wconf 90' lang='lat' dir='ltr'>libram</span> <span class='ocrx_word' id='word_1_193' title='bbox 733 3424 868 3504; x_wconf 82' lang='lat' dir='ltr'>argenti</span> <span class='ocrx_word' id='word_1_194' title='bbox 884 3431 1086 3507; x_wconf 88' lang='lat' dir='ltr'>pensantem</span> <span class='ocrx_word' id='word_1_195' title='bbox 1104 3423 1140 3486; x_wconf 94' lang='lat' dir='ltr'>in</span> <span class='ocrx_word' id='word_1_196' title='bbox 1155 3425 1210 3488; x_wconf 92' lang='lat' dir='ltr'>ius</span> <span class='ocrx_word' id='word_1_197' title='bbox 1227 3425 1295 3489; x_wconf 87' lang='lat' dir='ltr'>sibi</span> 
     </span>
     <span class='ocr_line' id='line_1_29' title="bbox 240 3522 1296 3608; baseline -0.003 -17"><span class='ocrx_word' id='word_1_198' title='bbox 240 3526 455 3608; x_wconf 86' lang='lat' dir='ltr'>comparauit</span> <span class='ocrx_word' id='word_1_199' title='bbox 478 3530 702 3606; x_wconf 83' lang='lat' dir='ltr'>perpetuum3</span> <span class='ocrx_word' id='word_1_200' title='bbox 728 3522 855 3586; x_wconf 89' lang='lat' dir='ltr'>idcirco</span> <span class='ocrx_word' id='word_1_201' title='bbox 881 3524 976 3605; x_wconf 82' lang='lat' dir='ltr'>regia</span> <span class='ocrx_word' id='word_1_202' title='bbox 1002 3525 1209 3588; x_wconf 85' lang='lat' dir='ltr'>auctoritate</span> <span class='ocrx_word' id='word_1_203' title='bbox 1232 3523 1296 3588; x_wconf 92' lang='lat' dir='ltr'>de·</span> 
     </span>
     <span class='ocr_line' id='line_1_30' title="bbox 240 3623 1294 3705; baseline -0.003 -15"><span class='ocrx_word' id='word_1_204' title='bbox 240 3645 344 3690; x_wconf 90' lang='lat' dir='ltr'>cerno</span> <span class='ocrx_word' id='word_1_205' title='bbox 366 3631 406 3687; x_wconf 94' lang='lat' dir='ltr'>ut</span> <span class='ocrx_word' id='word_1_206' title='bbox 423 3623 514 3705; x_wconf 78' lang='lat' dir='ltr'>qrrod</span> <span class='ocrx_word' id='word_1_207' title='bbox 536 3642 557 3685; x_wconf 90' lang='lat' dir='ltr'>a</span> <span class='ocrx_word' id='word_1_208' title='bbox 573 3623 687 3704; x_wconf 90' lang='lat' dir='ltr'>priore</span> <span class='ocrx_word' id='word_1_209' title='bbox 709 3642 791 3704; x_wconf 84' lang='lat' dir='ltr'>rege</span> <span class='ocrx_word' id='word_1_210' title='bbox 807 3631 1044 3705; x_wconf 90' lang='lat' dir='ltr'>comparatum</span> <span class='ocrx_word' id='word_1_211' title='bbox 1061 3631 1096 3687; x_wconf 88' lang='lat' dir='ltr'>et</span> <span class='ocrx_word' id='word_1_212' title='bbox 1110 3643 1133 3687; x_wconf 92' lang='lat' dir='ltr'>a</span> <span class='ocrx_word' id='word_1_213' title='bbox 1149 3643 1203 3687; x_wconf 92' lang='lat' dir='ltr'>me</span> <span class='ocrx_word' id='word_1_214' title='bbox 1229 3623 1294 3687; x_wconf 93' lang='lat' dir='ltr'>do-</span> 
     </span>
     <span class='ocr_line' id='line_1_31' title="bbox 242 3721 1294 3805; baseline -0.001 -17"><span class='ocrx_word' id='word_1_215' title='bbox 242 3734 362 3790; x_wconf 87' lang='lat' dir='ltr'>natum</span> <span class='ocrx_word' id='word_1_216' title='bbox 378 3730 443 3800; x_wconf 88' lang='lat' dir='ltr'>est,</span> <span class='ocrx_word' id='word_1_217' title='bbox 455 3722 558 3785; x_wconf 90' lang='lat' dir='ltr'>nullis</span> <span class='ocrx_word' id='word_1_218' title='bbox 576 3742 739 3805; x_wconf 88' lang='lat' dir='ltr'>umquam</span> <span class='ocrx_word' id='word_1_219' title='bbox 757 3730 909 3787; x_wconf 88' lang='lat' dir='ltr'>mutetur</span> <span class='ocrx_word' id='word_1_220' title='bbox 921 3724 1146 3805; x_wconf 90' lang='lat' dir='ltr'>temporibus.</span> <span class='ocrx_word' id='word_1_221' title='bbox 1195 3721 1294 3801; x_wconf 83' lang='lat' dir='ltr'>Qua·</span> 
     </span>
     <span class='ocr_line' id='line_1_32' title="bbox 240 3823 1294 3908; baseline 0.001 -20"><span class='ocrx_word' id='word_1_222' title='bbox 240 3833 380 3908; x_wconf 90' lang='lat' dir='ltr'>propter</span> <span class='ocrx_word' id='word_1_223' title='bbox 402 3824 432 3887; x_wconf 86' lang='lat' dir='ltr'>si</span> <span class='ocrx_word' id='word_1_224' title='bbox 461 3823 642 3906; x_wconf 88' lang='lat' dir='ltr'>quisquam</span> <span class='ocrx_word' id='word_1_225' title='bbox 669 3824 782 3887; x_wconf 91' lang='lat' dir='ltr'>uirum</span> <span class='ocrx_word' id='word_1_226' title='bbox 805 3824 1102 3906; x_wconf 89' lang='lat' dir='ltr'>praenominatum</span> <span class='ocrx_word' id='word_1_227' title='bbox 1132 3824 1294 3890; x_wconf 90' lang='lat' dir='ltr'>libertate</span> 
     </span>
     <span class='ocr_line' id='line_1_33' title="bbox 240 3923 1295 4008; baseline -0.001 -20"><span class='ocrx_word' id='word_1_228' title='bbox 240 3924 442 4008; x_wconf 85' lang='lat' dir='ltr'>spoliauerit</span> <span class='ocrx_word' id='word_1_229' title='bbox 457 3925 537 4000; x_wconf 89' lang='lat' dir='ltr'>ista,</span> <span class='ocrx_word' id='word_1_230' title='bbox 553 3923 756 3988; x_wconf 88' lang='lat' dir='ltr'>maledictus</span> <span class='ocrx_word' id='word_1_231' title='bbox 773 3932 809 3988; x_wconf 91' lang='lat' dir='ltr'>et</span> <span class='ocrx_word' id='word_1_232' title='bbox 826 3923 1033 4006; x_wconf 86' lang='lat' dir='ltr'>dampnatus</span> <span class='ocrx_word' id='word_1_233' title='bbox 1051 3943 1073 3986; x_wconf 90' lang='lat' dir='ltr'>a</span> <span class='ocrx_word' id='word_1_234' title='bbox 1090 3924 1154 3987; x_wconf 94' lang='lat' dir='ltr'>deo</span> <span class='ocrx_word' id='word_1_235' title='bbox 1170 3930 1204 3987; x_wconf 87' lang='lat' dir='ltr'>ei</span> <span class='ocrx_word' id='word_1_236' title='bbox 1220 3944 1295 3990; x_wconf 87' lang='lat' dir='ltr'>om-</span> 
     </span>
     <span class='ocr_line' id='line_1_34' title="bbox 240 4023 1292 4107; baseline 0.002 -21"><span class='ocrx_word' id='word_1_237' title='bbox 240 4027 339 4086; x_wconf 89' lang='lat' dir='ltr'>nibus</span> <span class='ocrx_word' id='word_1_238' title='bbox 365 4024 495 4087; x_wconf 88' lang='lat' dir='ltr'>sanctis</span> <span class='ocrx_word' id='word_1_239' title='bbox 511 4023 586 4086; x_wconf 85' lang='lat' dir='ltr'>sine</span> <span class='ocrx_word' id='word_1_240' title='bbox 614 4023 681 4087; x_wconf 88' lang='lat' dir='ltr'>fine</span> <span class='ocrx_word' id='word_1_241' title='bbox 708 4030 919 4107; x_wconf 85' lang='lat' dir='ltr'>permaneat,</span> <span class='ocrx_word' id='word_1_242' title='bbox 942 4024 1008 4086; x_wconf 93' lang='lat' dir='ltr'>nisi</span> <span class='ocrx_word' id='word_1_243' title='bbox 1031 4023 1164 4087; x_wconf 83' lang='lat' dir='ltr'>facinus</span> <span class='ocrx_word' id='word_1_244' title='bbox 1191 4043 1292 4088; x_wconf 82' lang='lat' dir='ltr'>suurn</span> 
     </span>
     <span class='ocr_line' id='line_1_35' title="bbox 238 4123 1293 4207; baseline 0.002 -19"><span class='ocrx_word' id='word_1_245' title='bbox 238 4125 345 4207; x_wconf 81' lang='lat' dir='ltr'>digna</span> <span class='ocrx_word' id='word_1_246' title='bbox 361 4123 550 4188; x_wconf 88' lang='lat' dir='ltr'>aboleuerit</span> <span class='ocrx_word' id='word_1_247' title='bbox 563 4124 795 4206; x_wconf 82' lang='lat' dir='ltr'>poenitudine.</span> <span class='ocrx_word' id='word_1_248' title='bbox 825 4123 992 4189; x_wconf 78' lang='lat' dir='ltr'>concessi</span> <span class='ocrx_word' id='word_1_249' title='bbox 1004 4143 1142 4207; x_wconf 90' lang='lat' dir='ltr'>quoque</span> <span class='ocrx_word' id='word_1_250' title='bbox 1158 4132 1197 4190; x_wconf 90' lang='lat' dir='ltr'>ut</span> <span class='ocrx_word' id='word_1_251' title='bbox 1206 4123 1293 4190; x_wconf 89' lang='lat' dir='ltr'>haec</span> 
     </span>
    </p>
   </div>
   <div class='ocr_carea' id='block_1_6' title="bbox 0 0 1456 4890">
    <p class='ocr_par' dir='ltr' id='par_1_6' title="bbox 0 0 1456 4890">
     <span class='ocr_line' id='line_1_36' title="bbox 0 0 1456 4890; baseline 0 1"><span class='ocrx_word' id='word_1_252' title='bbox 0 0 1456 4890; x_wconf 95' lang='lat' dir='ltr'> </span> 
     </span>
    </p>
   </div>
  </div>
 </body>
</html>
