2902 4890
452 381 624 431 curarat
646 379 985 448 suctosrxomoru.
1187 360 1253 427 265

561 637 898 705 dccccxxvn.

470 767 746 867 wAEuoudr,
769 789 996 854 mcc-1069.

246 945 287 1026 ᾧ
312 941 484 1008 Gouoluu
508 941 615 1006 uidua
638 941 732 1005 dedit
755 947 877 1005 sancto
903 939 1009 1005 Petro
1031 939 1068 1002 iu
1089 940 1165 1005 loco
1191 943 1251 1025 qui

198 1044 325 1108 dicitur
353 1043 469 1108 Burch
499 1043 586 1106 duas
618 1041 720 1106 uillas
750 1040 901 1123 Righale
935 1047 970 1104 et
998 1040 1252 1126 Beolmesborp

197 1165 260 1228 pro
291 1143 522 1228 redemptione
561 1142 695 1206 animae
725 1160 809 1205 suae
840 1160 900 1224 per
930 1160 1132 1205 consensum
1159 1144 1250 1224 regis

198 1244 408 1309 Eaduuardi.
460 1244 589 1308 Postea
614 1243 748 1324 accepit
768 1261 844 1305 eam
868 1241 1058 1305 Siuuardus
1079 1261 1192 1306 comes
1215 1245 1250 1307 iu

196 1345 378 1427 coniugio;
410 1352 490 1428 post
517 1353 652 1428 tempus
677 1362 747 1406 uon
778 1343 924 1406 multum
953 1348 1090 1407 mortua
1118 1350 1183 1420 est,
1215 1351 1250 1408 et

196 1446 401 1528 deprecatus
432 1452 486 1510 est
512 1443 703 1509 Siuuardus
729 1462 843 1506 comes
874 1442 1032 1506 abbatem
1055 1442 1250 1508 Leosricum

194 1553 232 1611 et
260 1546 382 1610 fratres
410 1552 449 1609 ut
477 1545 641 1629 quamdiu
671 1544 804 1607 uiueret
830 1551 948 1626 posset
973 1542 1099 1606 habere
1131 1563 1250 1626 supra·

195 1639 307 1710 dictas
323 1646 446 1720 uillas;
472 1653 507 1710 et
524 1653 605 1728 post
625 1644 718 1707 illius
737 1643 914 1707 decessum
935 1649 1188 1708 reuerterentur
1206 1646 1249 1710 ad

194 1746 450 1811 monasterium.
504 1746 714 1828 Mortuoque
737 1743 906 1809 Siuuardo
928 1744 1063 1820 comite,
1082 1744 1175 1808 sacta
1196 1755 1250 1810 est

193 1849 377 1912 conuentio
410 1854 492 1911 aute
529 1866 644 1928 regem
686 1844 930 1909 Eaduuardum
971 1846 1062 1908 iuter
1087 1843 1255 1909 Walbeos

195 1947 303 2011 filium
335 1947 524 2031 supradicti
552 1946 687 2010 comitis
721 1954 756 2009 et
786 1945 980 2009 Leofricum
1016 1946 1186 2022 abbatem,
1213 1955 1247 2010 et

194 2048 330 2131 accepit
355 2049 430 2131 ipse
448 2045 611 2111 Waldeof
630 2064 672 2110 .v.
692 2066 825 2109 marcas
857 2046 942 2122 auri,
966 2044 1028 2107 tali
1055 2054 1185 2122 tenore,
1209 2056 1249 2111 ut

193 2148 444 2231 ipseWaltteof
455 2148 596 2211 haberet
615 2146 766 2228 Righale
783 2146 817 2208 iu
836 2146 910 2210 uita
927 2164 1002 2220 sua,
1020 2153 1054 2209 et
1074 2145 1248 2210 Beolmes-

193 2253 281 2332 torp
305 2250 423 2332 quieta
452 2248 616 2311 remansit
641 2248 676 2310 in
704 2247 912 2311 monasterio
940 2245 1050 2310 sancti
1070 2244 1166 2310 Petri
1187 2267 1249 2330 per

194 2349 379 2414 iussionem
417 2347 507 2430 regis
544 2346 753 2411 Eaduuardi.
821 2346 900 2410 Hoc
935 2353 1049 2409 actum
1083 2353 1136 2411 est
1170 2358 1249 2412 aute

193 2469 309 2531 regem
334 2448 492 2533 publice;
519 2447 578 2512 sed
598 2455 836 2530 postmortem
859 2446 950 2528 regis
968 2446 1079 2511 fracta
1096 2455 1150 2510 est
1165 2467 1246 2512 con·

195 2550 313 2614 uentio
344 2551 388 2614 ab
423 2550 499 2632 ipso
524 2548 719 2612 Walaeofo.
783 2547 848 2611 Sed
881 2555 1013 2629 postea,
1036 2549 1248 2628 poenitentia

194 2649 331 2727 ductus,
349 2650 505 2714 ueniente
522 2650 599 2731 ipso
623 2648 665 2712 ad
684 2647 929 2711 monasterium
953 2647 1146 2729 praefatum
1165 2668 1245 2713 con·

192 2752 297 2815 cessit
322 2751 442 2815 ambas
472 2756 582 2814 terras
611 2757 733 2813 sancto
754 2748 872 2824 Petro,
897 2767 938 2812 eo
961 2755 1091 2826 tenore,
1108 2756 1148 2813 ut
1173 2750 1248 2832 ipse

192 2850 357 2933 quamdiu
373 2851 508 2914 uiueret
522 2855 673 2929 teneret;
705 2857 740 2913 et
762 2857 842 2931 post
860 2850 991 2912 obitum
1009 2849 1102 2912 illius
1127 2851 1246 2915 ambas

193 2951 297 3015 simul
321 2952 358 3014 in
382 2950 592 3014 monasterio
609 2949 818 3023 dimitteret;
844 2969 905 3013 nec
930 2950 1004 3031 ipse
1027 2950 1246 3031 aliquomodo

192 3052 295 3116 istam
313 3052 575 3115 conuentiouem
598 3049 769 3131 frangere,
787 3070 850 3113 nec
868 3058 978 3114 terras
992 3051 1132 3132 proprio
1148 3058 1246 3116 reatu

193 3152 346 3235 perdere,
371 3157 497 3235 potest.
550 3150 618 3214 Sed
638 3151 668 3215 si
685 3151 762 3232 quis
780 3148 872 3213 istud
894 3149 1058 3212 instinctu
1076 3149 1245 3215 diabolico

191 3258 346 3317 euertere
373 3253 480 3334 cupit,
505 3251 593 3315 sciat
619 3270 657 3314 so
690 3249 1025 3314 excommunicatum
1060 3268 1138 3311 cum
1169 3251 1245 3332 ipso

191 3352 330 3417 diabolo
352 3352 388 3416 iu
411 3352 544 3417 inferno
566 3351 757 3416 mercedem
780 3350 946 3432 accipere.
1000 3348 1100 3414 Fiat!
1124 3350 1206 3414 fiat!

659 3537 778 3548 ....—

543 3649 898 3716 ooccoxxvul.

617 3775 821 3866 couaic.

249 3961 288 4041 ›1‹
311 3956 387 4019 Eoo
406 3953 577 4017 Godricus
601 3951 752 4015 concedo
775 3949 839 4012 deo
862 3957 897 4012 ct
918 3957 1038 4013 sancto
1058 3949 1245 4016 Benedicta

192 4054 378 4124 Ramesiae
406 4061 485 4137 post
514 4052 586 4115 dies
612 4070 706 4114 meos
729 4058 855 4113 terram
884 4068 993 4111 meam
1023 4050 1065 4113 de
1082 4050 1243 4134 Ticinge-

194 4168 290 4236 tona,
307 4158 357 4222 ita
378 4155 550 4219 duntaxat
576 4159 613 4215 ut
642 4151 749 4214 abbas
776 4149 929 4214 eiusdem
952 4150 1137 4214 aecclesiae
1156 4152 1245 4217 Ead-
