2902 4890
262 381 326 445 loo
519 397 690 445 cunnrnn
714 395 1054 444 ancnosnxomcnn.

267 552 379 618 Raulf
389 553 552 617 minister.
610 554 649 633 ›1‹
665 553 742 634 Ego
757 551 942 617 Rodbeard
961 553 1127 617 minister.
1185 553 1224 634 ›1‹
1243 550 1320 632 Ego

267 653 436 717 Osbertus
453 653 638 717 canonicus
653 661 794 717 sanctae
813 652 959 717 Mariae.
1025 653 1162 736 ›14Ego
1180 650 1320 732 Regen·
1392 692 1395 697 >

267 754 390 818 boldus
405 753 497 836 regis
515 753 712 836 sigillarius.
782 756 820 837 ›1‹
842 753 920 836 Ego
936 751 1045 836 Hugo
1060 753 1151 836 regis
1167 770 1322 816 camera·

265 873 347 917 nus.

694 1050 896 1118 ncccxr.

585 1176 887 1280 ninwnnao,
910 1201 1008 1266 1061.

324 1353 362 1434 ›1‹
384 1350 429 1414 Iu
446 1351 583 1414 nomine
598 1350 728 1414 domini
743 1351 852 1414 nostri
869 1350 975 1414 Ihesu
994 1348 1145 1415 Christi!
1201 1350 1321 1434 Regn-

268 1459 350 1515 ante
379 1451 414 1513 in
442 1458 646 1532 perpetuum
674 1450 812 1514 domino
838 1458 957 1515 nostro
986 1449 1091 1513 lhesu
1119 1448 1259 1516 Christo
1285 1461 1323 1517 et

269 1551 382 1615 omnia
410 1551 453 1614 de
476 1570 609 1614 summo
633 1550 720 1614 coeli
746 1550 842 1632 apice
864 1551 1086 1633 dispensante
1108 1570 1149 1614 ac
1171 1552 1322 1632 gubern-

270 1659 359 1714 ante.
402 1649 581 1714 Cernimus
593 1651 708 1715 omnia
723 1651 927 1732 temporalia
940 1657 975 1713 et
989 1651 1183 1732 praesentia
1198 1653 1323 1733 perire,

268 1750 350 1827 labi,
368 1752 527 1828 transire,
541 1751 728 1833 aliquando
745 1751 914 1814 maturius
936 1751 1159 1831 gubernantis
1176 1750 1232 1815 dei
1252 1752 1322 1816 dis-

269 1851 529 1932 pensationibus
555 1857 590 1915 et
614 1850 791 1914 euidenter
807 1850 931 1914 finibus
954 1850 1140 1932 aliquando
1163 1852 1322 1916 saecula-

269 1951 357 2014 rium
385 1970 499 2014 rerum
523 1951 762 2054 ingruentibus
784 1951 992 2027 accessibus
1008 1951 1043 2014 id
1063 1958 1128 2028 est,
1152 1952 1322 2016 euidenti-

269 2052 333 2115 bus
357 2050 513 2115 cladibus
541 2050 717 2130 bellorum,
740 2051 906 2116 incendiis
927 2051 1063 2114 urbium
1086 2058 1121 2115 et
1139 2058 1322 2131 terrarum,

270 2151 517 2235 direptionibus
540 2151 757 2233 praedarum,
780 2152 987 2215 auxionibus
1016 2151 1268 2231 infirmitatum,
1286 2159 1323 2218 et

270 2252 347 2315 aliis
369 2251 675 2315 innumerabilibus
698 2252 812 2315 causis
836 2251 1078 2328 existentibus,
1096 2271 1138 2314 ne
1157 2251 1324 2318 obliuioni

270 2351 399 2416 tradita
414 2371 503 2433 quae
520 2351 555 2414 in
572 2352 701 2415 nostris
718 2350 928 2434 temporibus
943 2350 1036 2415 facta
1052 2358 1134 2415 sunt
1147 2351 1323 2432 uidentur,

268 2452 462 2516 litterarum
484 2450 640 2534 apicibus
662 2451 839 2516 euidenter
855 2451 1093 2515 commendare
1112 2453 1323 2518 curauimus

270 2551 493 2634 Quapropter
515 2571 579 2633 ego
598 2551 802 2626 Eadweard,
823 2551 878 2614 dei
906 2550 1105 2631 indulgente
1129 2551 1324 2632 clementia,

270 2649 580 2732 Angul-Saxonum
606 2671 680 2728 rex,
709 2650 961 2733 aliquantulam
995 2659 1151 2715 terrenae
1184 2671 1322 2734 posses-

270 2752 376 2815 sionis
405 2759 539 2834 partem
566 2751 702 2814 cuidam
733 2751 851 2814 abbati
879 2769 957 2814 meo
983 2750 1171 2815 Wlfwoldo
1199 2752 1322 2817 libenti

271 2852 385 2914 animo
409 2851 555 2932 largitus
583 2869 658 2913 sum
688 2850 723 2913 in
752 2850 813 2914 illa
846 2851 1063 2932 possessione
1091 2869 1182 2934 quae
1213 2852 1321 2934 uulgo

271 2951 445 3014 AEscwica
468 2959 625 3026 uocatur,
639 2969 680 3013 ea
706 2950 914 3026 conditione,
942 2958 982 3014 ut
1003 2950 1140 3028 habeat,
1165 2951 1237 3016 uita
1262 2973 1322 3017 co-

269 3051 364 3126 mite,
378 3049 542 3132 quamdiu
555 3050 639 3113 deus
657 3050 821 3130 uoluerit3
839 3057 968 3115 etcum
987 3050 1248 3115 dissolutionem
1266 3055 1322 3118 sui

270 3149 423 3232 corporis
445 3149 621 3213 imminere
646 3149 802 3214 sentierit
826 3150 882 3213 cui
904 3151 1053 3215 uoluerit
1077 3151 1325 3234 perpetualiter

271 3250 497 3314 tribuendam.
550 3250 651 3314 Haec
668 3258 783 3314 autem
800 3251 1114 3333 suprascriptorum
1131 3251 1323 3333 agellorum

270 3350 443 3433 possessio
465 3351 516 3414 ita
538 3357 591 3414 est
613 3351 658 3413 ad
681 3350 867 3414 utilitatem
889 3349 973 3414 data
995 3369 1017 3413 a
1039 3352 1324 3432 supranominato

271 3451 388 3514 abbati
404 3449 615 3514 Wulfwoldo
631 3459 671 3513 ut
688 3439 738 3513 ab
748 3450 842 3514 omni
865 3449 974 3514 fiscali
992 3450 1225 3533 uectigaliquc
1246 3451 1321 3517 iure

269 3551 378 3613 libera
399 3551 457 3626 sit,
474 3550 582 3612 tribus
604 3549 719 3613 causis
742 3550 846 3613 etiam
867 3550 964 3626 ratis,
982 3550 1155 3627 uidelicet,
1179 3553 1322 3634 expedi·

270 3651 374 3723 tione,
395 3649 510 3731 pontis
536 3649 670 3712 arcisue
696 3649 944 3715 aedificatione.
996 3649 1067 3728 Qui
1094 3649 1183 3714 hanc
1213 3650 1323 3717 dona·

270 3750 398 3813 tionem
415 3748 565 3829 benigna
587 3749 711 3812 mentis
733 3749 923 3815 intentione
945 3749 1157 3828 custodierit,
1180 3758 1324 3817 aeterna

270 3849 480 3912 beatitudine
497 3855 690 3925 coronetur,
705 3856 858 3927 ornetur,
872 3849 1101 3931 glorificetur;
1127 3850 1187 3934 qui
1206 3860 1322 3917 autem
1352 3842 1355 3849 ’

272 3948 425 4013 malefico
441 3949 580 4030 ingenio
603 3949 697 4013 istud·
713 3956 871 4013 auertere
888 3949 1048 4026 uoluerit,
1063 3949 1152 4014 sciat
1169 3969 1207 4014 se
1224 3972 1322 4017 reum

270 4068 345 4111 esso
372 4048 547 4129 gehennae
569 4049 660 4130 ignis
682 4068 797 4112 coram
821 4057 961 4134 aeterno
984 4050 1108 4124 iudice,
1130 4051 1160 4114 si
1187 4071 1256 4114 non
1277 4053 1321 4117 ad

269 4149 516 4229 poenitentiam
542 4157 723 4213 reuocatus
750 4149 863 4215 fuerit.
913 4138 1006 4216 Acta
1030 4158 1217 4215 astantem
1236 4152 1323 4218 haec
