2902 4890
192 361 258 429 240
453 376 624 424 ausuras
649 374 991 422 ANGLOSAXONIOAR.

192 535 258 597 nisi
281 533 335 597 hic
358 532 593 612 emendauerit
615 533 708 614 quod
728 541 852 597 temere
870 532 1028 615 deliquit.
1049 551 1180 616 poenas
1196 532 1248 596 in·

193 633 341 697 fernales
358 653 434 697 cum
454 633 676 697 daemonibus
694 634 870 699 sortiatur.

657 811 777 822 —=-—

608 929 836 997 uccccrv.

573 1053 874 1146 ninwunan.

251 1236 289 1314 ›1‹
313 1233 556 1297 Enuwnanus
574 1251 636 1295 rex
649 1231 792 1297 Wlfwio
814 1231 989 1313 episcopo,
1007 1231 1107 1296 Tosti
1118 1232 1248 1309 comiti,

197 1331 400 1396 Normanno
426 1332 630 1408 uiceoomiti,
661 1340 697 1395 et
726 1332 883 1395 omnibus
914 1330 1072 1395 fidelibus
1107 1333 1180 1395 suis
1213 1339 1249 1397 et

196 1431 373 1510 ministris,
394 1432 528 1495 clericis
551 1439 586 1495 et
611 1431 721 1506 laicis
748 1431 790 1494 de
816 1432 982 1495 comitatu
1000 1429 1248 1514 Hamptoniae,
1320 1440 1324 1446 ’

195 1533 365 1596 salutem!
395 1530 529 1595 Notum
547 1532 647 1595 uobis
665 1530 753 1594 facio
772 1529 865 1612 quod
877 1530 1063 1595 AElswiuus
1080 1532 1188 1594 abbas
1206 1532 1248 1595 de

196 1631 362 1695 Ramesia
390 1639 425 1694 et
445 1629 623 1694 Leosricus
652 1630 759 1693 abbas
782 1629 829 1694 de
848 1630 968 1711 Burgo
985 1631 1249 1696 notificauerrmt

196 1730 280 1794 mihi
296 1731 490 1814 pactionem
511 1738 546 1794 et
563 1729 863 1794 commutationem
884 1749 987 1811 quam
1005 1730 1125 1794 habita
1141 1731 1249 1795 collo·

196 1830 332 1894 cutione
349 1830 438 1894 inter
455 1849 492 1895 se
516 1829 681 1893 fecerunt.
736 1828 828 1893 Uolo
845 1828 963 1911 itaque
981 1837 1020 1894 ut
1036 1850 1101 1895 nos
1118 1829 1248 1895 intelli·

196 1931 288 2012 gatis
314 1930 407 2012 quod
427 1929 610 1994 AElfwinus
644 1929 752 1992 abbas
784 1929 826 1992 de
852 1927 1019 1993 Ramesia
1046 1929 1113 1994 hoo
1146 1930 1248 1994 modo

196 2031 330 2112 accepit
364 2029 406 2093 de
439 2029 596 2094 Leofrico
636 2030 761 2092 abbate
793 2028 900 2109 Burgi
935 2049 1059 2093 nouem
1093 2030 1249 2112 uirgatae

196 2138 308 2193 terrac
335 2129 427 2212 apud
458 2128 654 2210 Lodingtcn
688 2127 730 2191 de
759 2147 841 2193 soca
874 2129 986 2193 sancti
1009 2128 1106 2193 Petri
1139 2130 1249 2193 nomi-

194 2231 316 2306 natim,
333 2229 465 2293 scilicet
487 2228 602 2292 hidam
622 2227 808 2309 Huntingi,
827 2227 914 2292 duas
931 2226 1088 2309 uirgatas
1106 2227 1249 2294 Godrici

196 2327 295 2400 Dani,
314 2329 488 2410 uirgatam
507 2327 650 2405 Brandi‚
667 2328 839 2409 uirgatam
851 2326 1013 2410 Leofgaii
1028 2335 1064 2392 et
1075 2328 1247 2410 uirgatam

197 2427 353 2492 AElfwini
370 2428 472 2509 nigri,
495 2429 530 2490 in
551 2428 687 2511 plenam
711 2428 1013 2492 commutationem
1031 2436 1153 2492 contra
1173 2447 1248 2492 om·

195 2547 255 2591 nes
288 2527 444 2592 homines
480 2547 569 2591 nunc
603 2534 639 2590 et
670 2533 837 2608 perpetuo
871 2527 998 2592 liberas
1032 2535 1067 2591 et
1100 2527 1268 2610 quietas.-

197 2628 244 2692 Et
277 2648 340 2710 pro
374 2628 427 2690 his
462 2627 557 2691 dedit
590 2625 747 2709 praefato
774 2626 892 2690 abbati
917 2626 960 2690 de
988 2626 1103 2691 Burch
1138 2634 1247 2692 totam

195 2737 322 2790 terram
349 2746 452 2808 quam
482 2734 623 2790 sanctus
650 2725 858 2789 Benedictus
886 2724 1005 2791 habuit
1030 2726 1122 2809 apud
1150 2727 1248 2791 Mar·

196 2825 275 2888 ham
299 2825 441 2888 liberam
466 2827 510 2888 ab
527 2824 619 2888 omni
636 2824 809 2888 calumnia
826 2832 861 2888 et
878 2826 1030 2907 quietam
1055 2826 1090 2889 in
1111 2826 1248 2908 plenam

196 2924 510 2988 commutationem.
565 2923 647 3007 Ipse
671 2923 821 3004 insuper
838 2925 946 2988 abbas
969 2932 1005 2989 et
1031 2925 1155 2989 fratres
1174 2926 1248 2991 Ra·

195 3023 381 3087 mesienses
399 3024 546 3106 singulis
568 3024 667 3088 annis
685 3023 816 3087 dabunt
833 3024 875 3087 de
893 3024 1060 3090 charitate
1077 3026 1196 3090 abbati
1212 3035 1248 3092 et

196 3123 360 3187 iratribus
381 3124 491 3206 Burgi
521 3131 671 3206 quatuor
698 3123 807 3187 millia
835 3124 1065 3207 anguillarum
1095 3125 1130 3188 in
1160 3144 1247 3207 qua·

197 3223 390 3305 dragesima
408 3224 471 3286 sub
489 3223 552 3287 tali
568 3222 728 3287 uidelicet
744 3223 941 3287 conditione
961 3224 1053 3306 quod
1076 3223 1184 3288 abbas
1213 3233 1249 3290 et

196 3323 319 3388 fratres
337 3323 380 3386 de
398 3320 562 3386 Ramesia
585 3320 760 3385 habebunt
775 3323 812 3386 in
831 3323 1004 3388 territorio
1021 3324 1131 3390 sancti
1149 3324 1247 3390 Petri

197 3421 239 3486 de
255 3423 372 3486 Burch
390 3428 557 3503 quantum
574 3422 640 3485 sibi
657 3440 744 3504 opus
762 3420 865 3486 fuerit
883 3422 925 3486 de
947 3418 1119 3505 lapidibus
1136 3424 1247 3505 quad-

197 3522 354 3586 ratilibus
385 3520 477 3605 apud
499 3521 653 3585 Bernech
677 3529 712 3587 et
738 3518 780 3585 de
805 3522 912 3606 petris
937 3522 1126 3586 muralibus
1153 3523 1246 3606 apud

197 3621 313 3685 Burch
340 3622 375 3683 in
403 3620 504 3704 plena
523 3621 747 3695 cambitione;
771 3628 872 3685 erunt
889 3640 1026 3704 quoque
1048 3621 1141 3686 omni
1160 3628 1247 3687 tem·
1278 3680 1283 3687 .

69 3782 72 3786 Α
195 3741 279 3803 pore
298 3718 396 3784 liberi
422 3739 444 3783 a
464 3718 585 3793 telonii
601 3726 637 3783 et
654 3721 804 3785 omnium
821 3720 1040 3785 exactionum
1061 3722 1247 3788 uexatione

196 3840 257 3902 per
285 3839 411 3902 aquam
442 3824 477 3882 et
511 3837 573 3901 per
604 3825 742 3883 terram.
804 3817 1082 3886 Notificauerunt
1111 3838 1248 3905 quoque

195 3918 278 3982 mihi
305 3919 395 4001 quod
426 3918 511 3981 haec
537 3918 739 3999 compositio
765 3918 859 3982 facta
888 3918 954 3983 fuit
975 3920 1066 3984 inter
1090 3934 1151 3985 eos
1181 3920 1246 3986 sub

197 4018 394 4082 testimonio
418 4016 546 4081 Leofsii
575 4018 709 4080 abbatis
736 4017 779 4080 de
797 4017 864 4101 Ely
882 4025 917 4083 et
935 4018 1080 4102 Wlsgeti
1111 4022 1247 4086 abbatis

199 4116 418 4180 Croilandiae
446 4125 481 4180 et
510 4136 626 4180 eornm
649 4117 807 4200 quicum
835 4117 919 4199 ipsis
939 4124 1138 4201 praesentes
1162 4121 1248 4186 affu-
