2902 4890
193 334 237 397 16
449 347 621 397 canaria
644 348 987 398 ancnosaxomcsu.

192 525 269 569 rum
287 506 471 571 comitatus
487 506 580 570 illius
597 506 750 570 funditus
768 506 925 585 liberum,
942 507 1033 571 utin
1050 528 1092 572 eo
1106 507 1256 574 domino

193 606 383 669 seruientes
410 606 569 670 monachi
595 606 668 669 sine
698 606 770 670 ulla
796 607 1033 689 inquietudine
1063 628 1126 690 pro
1152 615 1257 673 statu

193 705 291 786 regui
320 703 493 768 dominum
520 705 745 787 praeualeant
775 707 919 788 precari.
970 706 1109 771 Placuit
1141 707 1254 772 etiam

194 805 229 868 in
278 803 366 868 banc
413 805 564 887 optionis
609 805 811 869 electionem
858 807 1020 870 roborare
1063 805 1255 889 priuilegio

193 905 262 967 isto
292 905 329 968 in
359 923 427 985 quo
459 904 576 968 uidere
603 906 763 986 praecepi
786 904 957 969 libertatis
986 905 1126 980 donum,
1153 907 1252 988 quod

192 1004 263 1067 iam
297 1002 379 1067 olim
415 1003 639 1067 Eadmundus
666 1023 728 1066 rex
761 1003 1037 1068 Occidentalium
1067 1004 1253 1070 Saxonum

194 1102 342 1184 largitus
381 1110 435 1167 est
470 1123 533 1167 suo
568 1103 770 1185 aequiuoco,
800 1123 863 1185 pro
904 1105 1135 1168 nanciscenda
1173 1105 1252 1170 eius

196 1203 310 1284 gratia
342 1209 377 1266 et
402 1202 558 1266 mercede
591 1209 743 1279 aeterna,
771 1203 915 1280 scilicet,
942 1203 1145 1268 Eadmundo
1174 1205 1253 1285 regi

194 1309 229 1366 et
252 1302 408 1384 martyri,
438 1301 528 1384 quod
561 1302 652 1364 bono
684 1308 767 1366 uoto
797 1322 925 1384 augere
957 1304 1125 1386 cupimus,
1159 1323 1251 1387 qua·

194 1402 288 1464 tinus
333 1403 406 1466 eius
448 1401 634 1483 promereri
678 1402 836 1483 precibus
876 1421 1009 1467 merear
1054 1403 1251 1484 portionem

195 1501 267 1564 eius
283 1501 507 1564 beatitudinis
523 1507 604 1583 post
621 1500 721 1564 huius
735 1501 830 1564 uitae
844 1521 994 1580 cursum,
1006 1503 1069 1565 tali
1086 1502 1250 1567 libertate

197 1599 348 1665 concedo
375 1599 480 1663 fundo
498 1599 566 1663 frui
588 1600 651 1677 illi,
671 1601 707 1663 in
733 1621 801 1684 quo
830 1601 918 1665 idem
944 1609 1085 1665 sanctus
1107 1600 1250 1684 pausat,

197 1707 237 1763 ut
271 1699 429 1781 quotiens
471 1701 620 1782 populus
661 1701 843 1764 uniuersus
888 1700 1056 1783 persoluit
1105 1720 1251 1765 censum

196 1799 321 1875 Danis,
344 1799 399 1862 uel
415 1800 459 1862 ad
483 1818 589 1862 naues
616 1819 676 1862 seu
704 1799 749 1862 ad
767 1819 874 1876 arma,
897 1800 1097 1882 persoluant
1114 1800 1250 1865 inhabi-

196 1904 311 1962 tantes
335 1899 371 1962 in
396 1899 473 1980 ipso
506 1899 611 1962 sundo
644 1899 763 1962 eadem
787 1899 830 1962 ad
857 1920 940 1963 usus
967 1920 1054 1981 quos
1080 1901 1251 1983 elegerint

196 1998 321 2062 fratres
350 1998 442 2062 illius
468 1998 545 2061 loci.
608 1998 730 2081 Sitque
764 2000 863 2063 nobis
890 2000 1039 2085 remedio
1066 1999 1130 2064 boc
1162 2001 1249 2064 mihi

196 2099 323 2180 quippe
343 2118 453 2181 aeque
481 2097 621 2179 reginae
649 2098 900 2180 meaeAElsgise
932 2119 973 2162 ac
1001 2097 1080 2161 filiis
1105 2101 1248 2178 nostris,

196 2198 422 2282 omnibusque
452 2198 511 2281 qui
536 2197 668 2280 pridem
699 2199 731 2260 ei
764 2197 829 2261 hoc
861 2199 1093 2263 contulerunt.
1151 2198 1248 2264 Huic

195 2297 347 2362 libertati
379 2298 530 2362 concedo
561 2297 845 2373 additamentum,
877 2298 1021 2374 scilicet,
1055 2298 1252 2362 maritimos

196 2400 319 2480 pisces,
354 2399 414 2481 qui
447 2397 529 2460 mihi
557 2397 755 2478 contingere
785 2398 933 2461 debeant
961 2397 1155 2461 annualiter
1182 2418 1247 2480 per

197 2496 340 2560 thelonii
373 2495 507 2559 lucrum
540 2504 575 2559 et
608 2497 835 2577 piscationem
872 2515 976 2579 quam
1003 2495 1155 2561 Ulskitel
1187 2497 1251 2562 ba·

196 2597 272 2659 buit
293 2595 330 2657 in
343 2594 469 2670 Welle,
499 2601 534 2657 et
563 2596 677 2658 omnia
703 2596 779 2659 iura
810 2614 1093 2679 quarumcunque
1121 2616 1247 2661 causa·

197 2715 274 2757 rum
297 2695 334 2757 in
360 2693 453 2757 uillis
480 2712 569 2775 quae
594 2697 803 2760 monasterio
832 2695 991 2759 adiacent
1013 2704 1048 2759 et
1074 2715 1163 2778 quae
1185 2697 1250 2760 ad·

197 2793 363 2857 iiciendae
380 2801 463 2857 sunt
480 2813 541 2876 per
559 2794 708 2875 gratiam
725 2795 791 2859 dei.
836 2795 939 2872 Dedi,
965 2814 1101 2878 quoque
1124 2795 1249 2876 regina

197 2913 274 2956 mea
296 2913 438 2956 assensu
465 2893 655 2956 concedens
678 2895 720 2971 ei,
744 2915 807 2977 pro
834 2914 899 2958 sua
922 2894 1140 2976 eleemosyna
1163 2895 1249 2960 dare

198 2994 303 3056 .1111⁰¹.
326 2992 435 3056 millia
463 2993 693 3074 anguillarum
720 3014 798 3057 cum
824 2995 1022 3058 muneribus
1050 3013 1139 3076 quae
1167 3014 1248 3076 per-

199 3092 310 3157 tinent
332 3091 377 3154 ad
402 3091 482 3154 illas
505 3112 567 3174 pro
589 3094 731 3156 annuali
757 3114 863 3157 censu
885 3095 921 3157 in
945 3094 1030 3157 uilla
1054 3113 1142 3176 quae
1165 3101 1268 3178 cog·'

198 3192 395 3255 nominatur
426 3190 647 3273 lakinghebe.
724 3192 762 3256 Si
800 3191 974 3274 quislibet,
1010 3193 1102 3274 quod
1143 3194 1249 3274 absit,

197 3292 300 3355 istam
317 3291 512 3356 libertatem
522 3291 676 3374 quolibet
685 3301 811 3356 conatu
829 3293 952 3355 nititur
968 3292 1145 3356 seruitutis
1163 3293 1250 3374 iugo

197 3393 368 3472 subigere,
396 3392 452 3455 uel
480 3411 591 3474 praua
618 3392 808 3456 intentione
831 3398 1073 3468 transmutare,
1103 3398 1144 3454 ut
1172 3411 1250 3455 rur-

197 3511 255 3554 sus
277 3491 418 3553 clerIcos
441 3490 477 3553 in
500 3510 541 3553 eo
567 3489 714 3552 collocet
739 3489 826 3568 loco,
850 3491 897 3554 sit
919 3490 1076 3554 addictus
1099 3491 1249 3572 captiui·

197 3590 262 3653 tati
290 3595 448 3651 aeternae
475 3606 597 3651 carens
623 3589 831 3669 sempiterna
856 3590 1027 3667 libertate,
1059 3597 1094 3654 et
1115 3592 1250 3655 manci-

196 3696 299 3771 patus
327 3685 468 3749 seruitio
503 3684 630 3749 diaboli
655 3687 795 3769 eiusque
825 3690 998 3752 consortio
1026 3689 1071 3751 sit
1100 3689 1250 3753 inextri-

197 3787 365 3851 cabilibus
388 3784 530 3849 habenis
553 3786 773 3865 constitutus
796 3789 863 3851 nisi
885 3788 1077 3852 satisfactio
1099 3788 1173 3851 eius
1194 3809 1252 3853 er·
1286 3834 1289 3839 ·

196 3887 288 3949 ratui
303 3885 497 3961 subueniat,
515 3884 607 3968 quod
620 3906 760 3967 prorsus
778 3895 949 3970 optamus

245 3986 283 4064 ›1‹
299 3984 375 4064 Ego
388 3983 482 4048 Cnut
496 4005 559 4073 rex
574 3985 888 4068 gentisAnglorum
906 3987 1121 4069 aliarumque
1137 3989 1250 4052 natio-

197 4103 287 4146 num·
301 4083 521 4149 nihilominus
546 4084 611 4148 boc
629 4085 846 4166 priuilegium
871 4087 955 4151 iussi
979 4106 1183 4168 componere
1212 4097 1251 4158 et
