2902 4890
191 372 256 438 178
447 384 618 434 onnnrsn
641 383 979 434 anonosnxourenrr.

193 547 282 622 ibus,
296 542 432 621 Atsere,
444 542 576 608 Leosne
591 562 670 606 cunr
686 543 844 607 omnibus
862 541 906 606 ad
923 560 961 607 se
978 543 1243 626 pertinentibus,

193 646 329 727 Tostig,
358 644 513 725 Gleigate
545 664 623 708 cum
655 643 814 707 omnibus
841 641 885 707 ad
915 662 953 707 se
978 644 1244 728 pertinentibus,

195 745 368 822 AElfwino,
391 743 687 824 Gottune-AEgete
714 764 792 808 cum
820 744 978 807 omnibus
1005 743 1049 808 ad
1075 765 1113 809 se
1137 744 1244 827 perti-

195 845 363 919 nentibus
382 844 575 920 wlstanus,
602 843 780 907 Deneham
814 864 890 909 cum
924 845 1083 909 omnibus
1120 844 1165 908 ad
1206 863 1244 908 se

195 944 457 1028 pertinentibus
471 944 657 1021 Siwardus,
670 944 842 1007 dimidiam
862 944 987 1026 hydam
1004 945 1041 1009 in
1050 943 1245 1026 Agmodes-

195 1045 272 1108 bam
301 1051 336 1109 et
363 1063 468 1108 unam
494 1042 529 1108 in
550 1044 743 1121 Weodune‚
774 1043 890 1109 Leossi
921 1045 964 1108 de
992 1044 1174 1110 Lundonia
1193 1061 1245 1109 .11.

195 1144 304 1227 hydas
330 1154 365 1208 et
388 1144 563 1208 dimidiam
580 1146 616 1208 in
632 1144 838 1208 Wurmelea.
892 1137 1074 1210 Postremo
1091 1165 1156 1226 ego
1171 1146 1246 1227 ipse

194 1264 336 1327 prospe
362 1242 598 1309 retributionis
626 1252 799 1322 aeternae,
822 1250 858 1309 et
880 1264 942 1327 pro
964 1244 1165 1311 remissione
1190 1246 1247 1308 de·

195 1345 355 1409 lictorum
387 1365 552 1423 meorum,
590 1352 625 1410 et
656 1365 719 1428 pro
753 1345 933 1409 animabus
963 1345 1073 1428 patris
1105 1344 1173 1409 mei
1211 1351 1247 1410 et

195 1446 316 1510 matris
333 1465 430 1510 meae
447 1452 482 1509 et
497 1445 649 1511 omnium
666 1452 847 1528 parentum
868 1464 1034 1523 meorum,
1051 1444 1095 1509 ad
1110 1445 1247 1510 laudem

196 1544 443 1627 omnipotentis
459 1545 514 1610 dei
529 1546 629 1629 posui
645 1545 681 1608 in
703 1545 900 1610 dotalicium
928 1551 963 1610 et
984 1544 1021 1608 in
1043 1551 1246 1629 perpetuam

196 1644 440 1710 haereditatem
458 1665 562 1728 super
578 1646 688 1710 altare
707 1646 806 1710 uaria
820 1653 1098 1710 ornamentorum
1120 1665 1248 1727 genera

195 1745 321 1827 quibus
350 1746 537 1810 aecclesiae
569 1746 767 1822 seruiretur,
797 1746 853 1810 uel
882 1746 918 1809 in
953 1746 1162 1829 quotidianis
1191 1747 1249 1810 uel

197 1844 397 1909 solennibus
423 1845 639 1920 ministeriis;
672 1853 707 1911 et
730 1845 773 1908 ad
799 1865 882 1910 usus
905 1846 1050 1911 fratrum
1077 1847 1160 1910 inibi
1182 1846 1247 1910 deo
1343 1842 1349 1859 '

197 1945 419 2008 seruientium
444 1945 486 2009 de
509 1966 586 2010 meo
610 1946 685 2010 iure
710 1944 802 2028 quod
832 1944 915 2010 mihi
942 1946 1008 2012 soli
1030 1947 1248 2029 competebat

198 2045 329 2127 absque
354 2046 459 2109 ullius
486 2046 730 2110 reclamatione
763 2047 820 2111 uel
856 2046 1128 2112 contradictione
1166 2045 1247 2123 ista,

197 2142 353 2226 inprimis
377 2145 538 2228 Langtun
562 2166 640 2211 cum
663 2145 820 2210 omnibus
846 2146 891 2211 ad
919 2166 957 2210 se
984 2146 1248 2230 pertinentibus,
1332 2192 1346 2201 -

199 2244 393 2309 Gibcslewe
418 2264 496 2311 cum
525 2248 683 2310 omnibus
712 2246 755 2309 ad
788 2266 826 2310 se
853 2245 1114 2329 pertinentibus,
1139 2246 1249 2312 Stana

199 2364 275 2410 cum
303 2345 461 2409 omnibus
488 2346 531 2410 ad
560 2366 597 2411 se
622 2346 882 2429 pertinentibus,
899 2336 1144 2411 Wiudlesoran
1169 2367 1248 2411 cum

197 2445 355 2509 omnibus
383 2445 428 2509 ad
456 2466 493 2511 se
521 2447 783 2529 pertinentibus,
808 2445 1143 2530 Huuaethampstede
1169 2468 1247 2512 cum

199 2546 357 2610 omnibus
384 2546 428 2609 ad
456 2566 493 2610 se
526 2547 789 2629 pertinentibus
813 2546 1024 2611 Sticbenaece
1061 2566 1139 2610 cum
1174 2568 1249 2613 om·

199 2646 300 2710 nibus
325 2646 368 2709 ad
400 2665 437 2710 se
461 2647 723 2728 pertinentibus
750 2646 954 2711 AEscewelle
984 2666 1063 2710 cum
1090 2647 1250 2712 omnibns

199 2745 242 2809 ad
261 2765 299 2809 se
313 2744 574 2828 pertinentibus,
591 2747 687 2811 Dens
703 2767 780 2810 cum
795 2746 1008 2812 omnibusad
1027 2765 1065 2811 se
1079 2747 1250 2829 pertinen·

199 2847 304 2921 tibus,
331 2845 528 2910 Susburhte
556 2866 634 2910 cum
663 2847 819 2911 omnibus
844 2847 888 2910 ad
919 2865 956 2910 se
987 2846 1250 2930 pertinentibus

200 2946 333 3010 Pertun
360 2966 438 3009 cnm
461 2945 620 3010 omnibus
645 2947 688 3010 ad
714 2966 752 3010 se
782 2945 1046 3028 pertinentibus,
1075 2945 1251 3012 Roteland

199 3067 277 3111 cum
300 3047 456 3110 omnibus
479 3047 522 3109 ad
545 3065 582 3111 se
604 3046 873 3130 pertinentibus;
904 3053 985 3129 post
1002 3054 1146 3113 mortem
1163 3046 1252 3113 Ead-

201 3148 302 3230 gitiae
324 3147 465 3228 reginae
484 3148 641 3228 coniugis
660 3146 768 3225 meae,
790 3146 982 3210 Perscoran
997 3166 1075 3210 cum
1092 3148 1252 3213 omnibus

201 3249 246 3314 ad
276 3268 313 3312 se
340 3246 601 3331 pertinentibus
621 3247 833 3331 Deorhyrste
858 3266 937 3310 cum
964 3247 1121 3312 omnibus
1146 3247 1191 3312 ad
1213 3268 1251 3314 se

201 3349 464 3432 pertinentibus.
498 3348 672 3412 Relaxaui
688 3347 794 3430 igitur
806 3346 884 3411 istis
900 3354 936 3411 et
953 3348 1110 3410 omnibus
1127 3361 1252 3430 supra·-

202 3447 388 3512 nominatis
412 3447 513 3511 terris
541 3447 804 3513 consuetudines
835 3464 953 3511 omnes
987 3452 1023 3511 et
1052 3446 1251 3513 exactiones

201 3548 369 3630 regalium
399 3553 435 3610 et
460 3544 706 3628 episcopalium
728 3548 962 3611 ministrorum
984 3544 1074 3610 sicut
1094 3553 1252 3612 anteces-

203 3666 298 3713 sores
326 3646 392 3711 mei
419 3665 518 3727 reges
548 3647 643 3728 prius
670 3645 835 3725 fecerunt,
862 3653 901 3711 ut
925 3645 1029 3710 nullis
1062 3636 1252 3728 grauentur

204 3747 364 3813 oneribus
390 3745 660 3828 expeditionum,
673 3766 749 3811 nec
777 3747 932 3830 pontium
963 3744 1021 3810 uel
1060 3753 1253 3813 castrorum

203 3845 441 3923 restructione,
459 3865 521 3910 nec
537 3846 623 3909 furis
636 3846 918 3929 apprehensione.
964 3845 1011 3910 Et
1029 3846 1144 3911 omnia
1161 3867 1253 3930 quae

204 3948 248 4012 ad
275 3948 389 4012 locum
415 3946 528 4028 ipsum
556 3947 727 4027 pertinent
748 3947 819 4011 sint
840 3946 979 4011 omuino
995 3937 1116 4023 libera,
1132 3947 1254 4028 cellae,

205 4048 404 4123 aecclesiae,
445 4045 623 4123 cimiteria,
656 4053 779 4123 terrae,
809 4065 949 4129 pascua,
988 4045 1109 4124 siluae,
1148 4066 1255 4112 uena

205 4148 328 4223 tiones,
355 4165 477 4229 aquae,
507 4146 726 4228 piscationes
758 4166 835 4211 cum
866 4145 1067 4225 redditibus,
1091 4146 1256 4227 seruitiis,
