2902 4890
432 369 605 418 onsurae
627 367 973 417 nnonosnxouionu.
1168 353 1235 418 303

534 622 861 689 ,nocconxxt
957 718 961 725 .

365 772 654 839 AEnuununn
683 790 759 840 inu
781 744 1051 839 wunnndu.

233 924 273 1004 ›1‹
298 922 376 986 Eoo
393 920 575 987 AEmketel
600 930 636 987 et
651 922 812 988 Wulsron
835 940 925 988 uxor
955 943 1032 988 mea
1049 922 1230 993 AEdelredo

176 1024 251 1106 regi
268 1022 408 1088 domino
431 1030 551 1088 nostro
576 1030 610 1087 et
625 1023 782 1087 omnibus
799 1023 872 1087 suis
893 1024 936 1089 de
954 1024 1111 1090 Eboraco
1133 1028 1230 1092 etde

180 1122 414 1206 Notingeham
431 1131 552 1188 notum
574 1123 732 1202 facimus,
748 1143 812 1188 nos
839 1125 1048 1189 concessisse
1073 1132 1109 1190 et
1131 1147 1230 1209 prae-

176 1225 267 1288 senti
288 1223 506 1308 cyrographo
532 1224 752 1289 confirmasse
777 1223 840 1288 deo
868 1231 904 1288 et
931 1232 1073 1291 sanotae
1095 1226 1231 1293 Mariae

176 1330 213 1388 et
242 1332 363 1390 sancto
386 1325 574 1390 Benedioto
605 1323 647 1389 de
675 1324 842 1389 Ramesia
879 1331 960 1406 post
990 1326 1062 1390 dies
1094 1336 1232 1394 nostros

177 1431 304 1490 terram
335 1432 489 1489 nostram
514 1425 557 1489 de
573 1423 763 1506 Hikeliuge
793 1431 829 1489 et
859 1432 986 1489 terram
1011 1426 1054 1490 de
1072 1425 1232 1494 Kinilde·

178 1533 260 1589 tune
277 1544 356 1591 cum
380 1525 481 1589 firma
505 1532 542 1589 et
557 1525 710 1602 seruitio,
733 1524 824 1589 siout
848 1523 995 1591 habetur
1018 1527 1055 1590 in
1080 1526 1233 1595 dominio

177 1632 307 1690 nostro.
369 1625 541 1690 Uolumus
567 1631 684 1689 autem
712 1633 751 1689 ut
782 1632 862 1707 post
888 1626 960 1691 dies
990 1633 1127 1693 nostros
1155 1649 1231 1694 oor-

178 1747 265 1809 pora
287 1732 407 1791 nostra
429 1726 567 1803 ibidem,
583 1725 613 1789 si
635 1725 700 1791 deo
723 1724 904 1808 placuerit,
919 1727 1055 1809 sepulte
1077 1730 1230 1812 requies·

178 1835 271 1905 cant,
287 1835 323 1892 et
338 1827 532 1909 ubicunque
548 1825 638 1890 alter
651 1833 806 1890 nostrum
830 1826 938 1890 uitam
956 1828 1093 1903 finierit,
1107 1828 1231 1893 fratres

143 1946 147 1954 ’
178 1927 363 1992 Remesiae
390 1927 566 1992 uenientes
594 1945 669 1990 cum
699 1934 915 1991 custamento
945 1932 1016 1992 tam
1041 1946 1104 1991 suo
1127 1947 1231 2010 quam

178 2029 366 2094 amicorum
382 2034 579 2092 nostrorum
602 2044 727 2109 corpus
749 2025 901 2091 defuncti
918 2026 1117 2091 Ramesiam
1137 2028 1231 2094 defe-

177 2136 258 2193 rant
284 2127 535 2193 tumulandum.
605 2125 651 2190 Et
680 2144 745 2208 ego
766 2126 947 2192 AEmketel
973 2127 1052 2191 uolo
1077 2128 1168 2211 quod
1195 2127 1231 2193 in

177 2229 325 2311 pretium
351 2228 550 2311 sepulturae
580 2246 676 2291 meae
707 2234 742 2291 et
769 2228 904 2292 animae
930 2227 1076 2292 salutem
1105 2249 1230 2311 proue-

63 2358 70 2365 ·
176 2330 273 2394 uiant
298 2329 486 2394 aecclesiae
515 2328 700 2393 Remesiae
722 2344 796 2393 .xv.
825 2328 932 2392 librae
960 2328 1002 2393 de
1029 2335 1174 2411 argento
1196 2337 1232 2395 et

178 2449 263 2494 auro
284 2437 320 2494 et
342 2429 489 2506 catallis,
506 2447 597 2511 quae
615 2428 671 2493 die
694 2428 922 2492 defunctionis
938 2447 1035 2493 meae
1062 2429 1154 2512 apud
1175 2449 1231 2496 me

178 2530 362 2612 contigerit
387 2526 543 2606 inueniri,
570 2548 633 2611 pro
655 2527 768 2592 salute
793 2548 876 2594 uero
894 2529 1029 2593 animae
1053 2528 1231 2611 praefatae

177 2631 298 2694 uxoris
327 2649 424 2694 meae
449 2636 484 2693 et
508 2628 662 2710 corporis
692 2628 871 2709 sepultura
899 2630 1088 2693 remanebit
1120 2630 1229 2694 eidem

178 2729 365 2795 aecclesiae
387 2735 480 2794 terra
503 2728 545 2792 de
560 2727 797 2792 Lochamtona
819 2747 898 2793 cum
918 2728 1053 2793 catallis
1074 2729 1232 2795 omnibns

179 2849 268 2914 quae
293 2829 330 2893 in
356 2849 398 2894 ea
423 2828 651 2893 inuenientur.
704 2828 780 2910 Ego
796 2836 912 2894 autem
929 2829 1070 2894 Wlsrnn
1086 2830 1231 2913 singulis

178 2930 278 2996 annis
300 2929 395 2994 uitae
414 2948 510 2993 meae
527 2928 572 2992 ad
594 2928 720 2993 festum
742 2929 853 2994 sancti
868 2929 1048 2995 Benedicti
1064 2931 1154 3013 quod
1179 2939 1233 2997 est

178 3032 215 3095 in
251 3035 384 3093 aestate
409 3043 459 3094 .x.
483 3028 603 3092 mittas
636 3028 679 3091 de
712 3028 840 3105 brasio,
872 3036 908 3092 et
932 3046 977 3092 .v.
1002 3029 1044 3092 de
1080 3038 1174 3112 grut,
1196 3039 1232 3096 et

180 3147 230 3198 .x.
256 3131 375 3194 mittas
401 3128 533 3193 farinae
562 3126 728 3204 triticeae,
754 3133 790 3190 et
812 3144 900 3193 .vur.
919 3147 1056 3209 pernas,
1083 3138 1119 3193 et
1141 3145 1230 3195 ‚xva

177 3243 310 3306 caseos,
337 3235 373 3294 et
395 3228 482 3292 duas
508 3246 635 3292 uaccas
659 3227 805 3311 pingues
833 3225 992 3290 deterre
1011 3244 1089 3290 mea
1106 3227 1233 3292 Hikel-

177 3333 258 3413 inge
280 3349 342 3414 pro
365 3335 524 3412 respectu
540 3327 686 3392 decerno
707 3326 816 3391 eidem
840 3327 1027 3391 aecclesiae
1042 3330 1232 3410 procurari,

176 3431 214 3495 in
255 3431 368 3514 eapite
399 3447 482 3493 uero
512 3426 796 3511 quadragesimae
828 3443 916 3490 .v111.
948 3426 1076 3491 isicios.
1145 3427 1232 3508 Qui-

178 3550 314 3615 cunque
338 3548 421 3612 ergo
448 3529 537 3592 hanc
568 3528 786 3593 donationem
814 3526 999 3608 infringere
1030 3546 1233 3613 praesump-

179 3632 262 3697 serit
283 3630 340 3695 uei
362 3635 571 3713 permutare,
595 3627 901 3692 animaduersionis
928 3633 1088 3692 aeternae
1115 3628 1151 3691 in
1177 3628 1232 3693 die

177 3731 295 3796 indicii
322 3748 438 3794 coram
469 3728 534 3792 deo
563 3736 642 3792 reus
668 3727 810 3804 existat,
838 3728 904 3792 nisi
929 3727 1100 3810 condigna
1119 3731 1233 3811 poeni-

179 3833 289 3898 tentia
313 3829 542 3895 temeritatem
565 3845 664 3892 suam
687 3827 886 3892 correxerit.
940 3827 1017 3892 Nec
1040 3828 1145 3892 liceat
1160 3830 1233 3893 cui·

181 3950 284 4015 quam
301 3931 463 4012 episeopo
488 3928 543 3993 uel
565 3927 734 3993 monacho
759 3927 823 3991 has
844 3934 954 3992 terras
981 3946 1045 4010 pro
1070 3946 1155 3992 auro
1177 3929 1234 3992 nel

179 4038 324 4114 argento
356 4036 565 4112 permutare,
591 4026 652 4093 sed
686 4028 757 4092 sint
782 4046 917 4110 semper
948 4028 983 4090 in
1016 4029 1233 4110 possessione

179 4131 368 4198 aecclesiae
399 4131 454 4194 cui
484 4148 544 4194 eas
577 4148 639 4212 per
664 4127 729 4194 hoo
755 4126 1010 4211 cyrographum
1040 4128 1234 4194 studuimus

160 4228 394 4297 confirmare.
