2902 4890
424 389 596 438 curasan
620 390 962 441 uuenosaxourcan.
1155 376 1221 440 183

163 561 250 609 ones
272 550 308 609 et
329 546 596 611 consuetudines
619 548 841 631 pecuniarum
859 567 946 632 quas
960 546 1064 613 habet
1080 557 1221 614 sauctus

165 643 292 709 Petrus
316 643 353 709 in
379 643 523 727 Anglia,
554 655 590 712 et
622 647 717 730 ipsas
748 649 912 732 pecunias
946 649 1109 713 collectas
1140 668 1218 714 cum

163 743 338 825 regalibus
360 745 460 810 donis
484 747 584 812 mitto
612 749 711 812 uobis
736 759 776 813 ut
797 749 903 813 oretis
928 768 991 830 pro
1014 768 1070 812 me
1096 755 1131 813 et
1156 769 1220 832 pro

165 863 252 926 pace
275 845 375 927 regni
401 848 480 925 mei,
496 855 532 911 et
557 849 757 912 continuam
780 868 821 912 ac
843 848 1067 932 sollempnem
1090 868 1219 913 memo-

163 944 251 1007 riam
268 944 387 1010 haberi
409 946 599 1012 instituatis
622 948 733 1013 tocius
755 949 867 1031 gentis
882 947 1076 1028 Anglorum
1102 968 1219 1013 coram

163 1045 366 1126 corporibus
396 1054 596 1113 sanctorum
628 1048 875 1130 apostolorum.
929 1048 1078 1113 Ualete.’
1136 1047 1218 1114 Hiis

164 1143 274 1225 igitur
287 1145 412 1211 litteris
440 1167 464 1212 a
487 1166 622 1212 summo
642 1148 805 1231 pontifice
827 1149 1009 1231 susceptis
1026 1167 1101 1211 cum
1124 1147 1219 1212 foeli-

165 1244 254 1310 citer
280 1246 324 1309 ad
351 1253 471 1311 uotum
502 1266 603 1310 suum
630 1249 789 1311 omnibus
817 1250 927 1330 pactis
953 1267 975 1311 a
994 1248 1108 1312 Roma
1129 1248 1218 1311 redi·

165 1352 256 1422 rent,
272 1347 473 1411 consulente
490 1355 611 1412 sancta
628 1348 772 1431 synodo,
786 1348 1025 1412 transmissam
1042 1368 1064 1411 a
1079 1347 1219 1412 domino

166 1463 262 1528 papa
292 1445 376 1509 mihi
409 1446 607 1512 detulerunt
642 1447 836 1530 epistolam.
889 1447 949 1512 ‘N
952 1447 1106 1511 icholaus
1146 1449 1217 1530 epi-

165 1563 306 1628 scopus,
320 1565 443 1611 seruus
457 1567 635 1612 seruorum
657 1548 724 1625 dei,
742 1547 990 1630 gloriosissimo
1007 1566 1047 1611 ac
1064 1548 1219 1630 piissimo

165 1645 328 1727 omnique
361 1646 491 1711 honore
528 1648 730 1729 dignissimo
773 1646 945 1730 spirituali
977 1668 1115 1730 quoque
1148 1648 1217 1713 filio

165 1751 286 1810 nostro
305 1744 500 1811 Eadwardo
523 1746 716 1828 Anglorum
747 1748 820 1829 regi
850 1747 1082 1811 uisitationem
1109 1748 1218 1812 omni-

164 1844 315 1922 modam,
344 1846 490 1911 salntcm
518 1847 729 1924 mellifluam,
760 1855 796 1912 et
824 1848 1096 1911 benedictionem
1134 1867 1219 1930 apo·

165 1944 336 2010 stolicam.
382 1945 618 2029 Omnipotenti
641 1948 706 2011 deo
728 1947 907 2012 referimus
925 1954 1041 2029 grates
1059 1949 1118 2030 qui
1140 1968 1219 2011 uos·

164 2051 256 2109 tram
270 2044 571 2129 prudentissimam
593 2048 832 2112 excellentiam
849 2048 885 2110 in
903 2049 1061 2111 omuibus
1080 2048 1219 2112 ornauit

166 2163 209 2209 ac
235 2144 414 2211 decorauit
437 2166 522 2228 erga
542 2149 681 2211 beatum
700 2147 842 2212 Petrum
866 2148 1100 2229 apostolorum
1124 2147 1218 2228 prin·

165 2245 276 2327 cipem
301 2253 336 2310 et
358 2247 537 2311 nobiscum
559 2247 686 2310 habere
706 2247 922 2312 dilectionem
946 2248 1038 2311 etin
1060 2248 1218 2311 omnibus

166 2346 367 2428 apostolicis
393 2346 587 2414 consentire
616 2348 781 2425 censuris,
799 2347 918 2412 literas
945 2348 1052 2428 igitur
1081 2353 1218 2412 uestrae

165 2445 340 2511 nobilitati
361 2448 627 2512 transmittimus
654 2454 690 2511 et
717 2468 779 2530 per
798 2466 856 2512 eas
882 2447 1080 2512 societatem
1106 2454 1218 2511 sanct-

164 2564 264 2609 orum
291 2546 527 2629 apostolorum
553 2555 588 2612 et
616 2555 769 2612 nostram
799 2548 898 2611 uobi‘s
921 2548 1053 2624 damus,
1079 2554 1218 2612 orantes

164 2645 431 2710 misericordiam
454 2646 547 2711 illius
576 2648 636 2730 qui
662 2655 714 2712 est
738 2648 897 2712 dominus
919 2649 1072 2711 omnium
1097 2657 1132 2711 et
1154 2668 1217 2713 rex

164 2746 407 2827 superomnia
434 2746 541 2825 soluS,
559 2754 599 2811 ut
624 2748 698 2829 ipse
731 2767 794 2811 uos
820 2748 1024 2831 participem
1047 2748 1152 2812 iaciat
1172 2767 1217 2812 cx

164 2845 322 2910 omnibus
338 2846 368 2911 si
384 2866 454 2928 qna
471 2855 552 2910 sunt
569 2866 684 2910 coram
703 2847 767 2912 deo
785 2849 882 2911 bonis
899 2850 1060 2930 operibus
1078 2849 1218 2927 nostris,

165 2952 201 3009 et
221 2944 347 3009 fratres
372 2966 435 3010 nos
462 2965 503 3010 ac
525 2946 639 3011 socios
666 2947 702 3009 in
728 2967 792 3011 sua
819 2948 1001 3012 dilectione
1027 2949 1218 3013 constituat

164 3045 200 3109 in
227 3046 498 3129 omnitempore
525 3046 684 3129 amplius,
716 3066 757 3111 ac
790 3067 858 3110 non
888 3048 1052 3112 minorem
1084 3057 1216 3130 partem

163 3146 275 3210 nostri
292 3147 448 3229 obsequii
471 3147 571 3211 uobis
596 3148 812 3228 reconsignet
837 3147 873 3209 in
898 3166 961 3210 suo
984 3167 1090 3228 regno
1113 3167 1218 3228 quam

163 3245 334 3311 nobismet
363 3247 448 3330 ipsis
482 3248 664 3329 prouenire
696 3254 868 3328 optamus.
938 3246 1075 3308 Erimus
1114 3247 1218 3310 otiam

164 3345 325 3427 deinceps
341 3365 404 3428 pro
427 3347 528 3410 uobis
555 3346 627 3410 sine
650 3346 753 3410 dubio
779 3351 917 3409 orantes
935 3345 1071 3408 assidue
1088 3352 1127 3409 ut
1144 3346 1218 3427 ipse

164 3445 249 3510 deus
270 3446 369 3509 uobis
391 3446 552 3510 subiiciat
576 3445 693 3510 hostes
716 3453 752 3508 et
765 3444 921 3508 inimicos
939 3445 998 3526 qui
1019 3451 1139 3508 contra
1154 3464 1218 3509 uos

163 3545 337 3611 noluerint
351 3564 505 3627 surgere,
521 3553 557 3609 et
569 3545 748 3610 confirmet
765 3564 828 3608 uos
850 3546 885 3607 ln
911 3552 1054 3628 patemo
1077 3545 1164 3608 solio
1183 3553 1218 3608 et

164 3645 306 3729 propria
326 3644 551 3722 haereditate,
568 3665 608 3710 ac
631 3647 754 3709 beatus
770 3644 898 3709 Petrus
920 3645 967 3708 sit
984 3645 1083 3709 uobis
1100 3651 1218 3709 custos

162 3755 197 3811 et
220 3745 358 3808 adiutor
377 3764 512 3826 semper
528 3746 564 3808 in
587 3746 680 3808 omni
702 3745 935 3809 tribulatione.
988 3743 1107 3808 Claret
1125 3746 1215 3808 enim

163 3844 359 3926 Anglorum
386 3864 485 3925 reges
519 3864 582 3927 pro
612 3845 807 3908 reuerentia
837 3851 872 3908 et
900 3845 1084 3908 deuotione
1115 3864 1218 3926 quam

163 3944 393 4009 exhibuerunt
415 3945 517 4008 beato
535 3943 642 4008 Petro
660 3945 771 4025 gloria
789 3943 970 4008 ethonore
990 3943 1159 4020 floruisse,
1176 3963 1217 4008 ac

162 4045 272 4129 ipsius
294 4045 486 4127 patrocinio
507 4043 658 4107 famosos
683 4043 874 4124 triumphos
898 4044 1097 4120 obtinuisse,
1120 4045 1218 4109 cuius

161 4145 255 4209 beati
291 4144 439 4226 apostoli
472 4144 603 4208 meritis
637 4151 753 4208 uestro
781 4143 950 4206 desiderio
979 4151 1013 4207 et
1043 4143 1216 4210 uoluntati
