2902 4890
193 373 259 439 296
451 387 625 437 cnaa'rna
651 385 998 434 nncnosnxonrcnu.

584 641 874 707 nccccnxll.

579 790 879 857 AEGELWINE.

255 943 295 1023 »14
321 938 403 1003 Hoc
440 946 561 1003 notum
599 940 645 1005 sit
679 941 838 1003 omnibus
872 937 1030 1003 fidelibus
1064 939 1156 1022 quod
1188 959 1253 1022 ego

200 1039 416 1123 AEgelwinus
450 1039 560 1121 niger,
586 1059 663 1104 cum
695 1058 865 1105 consensu
899 1039 1028 1104 domini
1063 1039 1131 1104 mei
1161 1041 1254 1122 regis

202 1140 412 1216 Eaduuardi‚
430 1140 582 1222 aliquam
605 1141 690 1203 iuris
706 1147 852 1221 partem,
870 1139 905 1202 id
930 1146 983 1204 est
1004 1156 1098 1204 .xxr.
1116 1160 1256 1204 mansas

201 1261 278 1305 cum
300 1259 372 1305 una
393 1241 494 1322 uirga
521 1241 557 1305 in
584 1249 732 1324 quatuor
761 1240 847 1304 locis
874 1241 933 1304 ubi
963 1235 1184 1304 nominamus
1208 1247 1255 1305 aet

201 1339 444 1423 Grenebe'orge
469 1357 513 1405 .ν.
536 1339 648 1419 hidas,
670 1347 717 1404 aet
734 1339 945 1405 Reodburne
964 1357 1038 1404 .v11.
1057 1350 1092 1405 et
1121 1358 1156 1406 .1.
1183 1341 1255 1404 uir-⁵

199 1459 295 1524 gam,
313 1448 360 1506 aet
378 1441 579 1523 Langalege
599 1458 643 1506 .v.
661 1439 761 1504 hidas
783 1449 818 1505 et
839 1440 1027 1515 dimidiam,
1045 1448 1091 1506 aet
1105 1446 1256 1523 Dwang-

201 1550 285 1605 tuna
305 1559 366 1604 .111.
381 1541 479 1605 hidas
497 1550 532 1605 et
549 1540 737 1618 dimidiam,
751 1542 794 1605 ad
808 1539 971 1605 honorem
989 1540 1045 1604 dci
1063 1548 1098 1605 et
1112 1551 1255 1606 sanctae

203 1641 339 1711 Mariae
366 1650 401 1705 et
435 1642 547 1705 sancti
564 1640 693 1705 Albani
728 1648 762 1705 et
797 1640 949 1705 omnium
983 1650 1180 1706 sanctorum
1211 1643 1254 1706 ad

203 1742 405 1807 aecclesiam
422 1741 612 1824 supradicti
636 1741 798 1824 martyris
814 1739 952 1818 Albani,
966 1760 1030 1825 pro
1047 1743 1162 1806 anima
1179 1762 1257 1807 mea

203 1849 240 1906 et
272 1843 388 1908 anima
404 1840 599 1925 Wynfiaede
632 1842 753 1904 uxoris
787 1861 884 1906 meae
917 1849 953 1906 et
982 1859 1046 1925 pro
1075 1843 1256 1907 animabus
1368 1899 1370 1903 ,

203 1943 376 2008 seniorum
421 1962 575 2007 meorum
621 1940 842 2007 deuotissime
879 1944 1043 2020 concedo,
1069 1943 1113 2007 ad
1154 1962 1256 2007 usum

204 2043 450 2109 monachorum
475 2043 540 2108 deo
562 2049 597 2106 et
619 2043 722 2107 beato
744 2043 888 2126 martyri
913 2043 998 2107 inibi
1021 2044 1255 2109 seruientium.

205 2143 243 2208 Si
278 2145 356 2228 quis
389 2144 497 2226 igitur
528 2142 618 2207 hanc
651 2150 805 2209 nostram
835 2138 1056 2210 donationem
1096 2146 1132 2212 in
1162 2144 1257 2209 aliud

205 2247 308 2325 quam
334 2244 576 2309 constituimus
598 2243 784 2309 transferre
804 2235 965 2322 uoluerit,
983 2245 1032 2309 sit
1055 2239 1213 2327 priuatus
1233 2264 1258 2309 a

205 2345 380 2411 consortio
402 2351 544 2409 sanctae
568 2344 622 2409 dei
647 2345 847 2434 aecclesiae,
871 2344 1088 2428 aeternisque
1103 2345 1259 2411 barathri

184 2444 371 2509 incendiis
392 2445 549 2527 lugubris
579 2444 707 2526 iugiter
723 2464 800 2510 cum
824 2445 914 2510 Iuda
930 2445 1060 2512 Christi
1082 2446 1258 2529 proditore

202 2546 348 2627 eiusque
387 2545 611 2628 complicibus
641 2545 817 2627 puniatur,
852 2546 882 2609 si
920 2566 990 2611 non
1022 2546 1258 2612 satisfactione

206 2637 441 2710 emendauerit
477 2664 641 2727 congrua.
708 2644 825 2710 Huius
859 2645 941 2710 doni
970 2648 1258 2730 constipulatores

205 2746 345 2810 fuerunt
367 2766 513 2828 quorum
530 2745 672 2808 inferius
689 2747 831 2810 nomina
847 2747 977 2829 scripta
993 2747 1165 2813 uidentur.

261 2848 301 2927 »14
335 2844 411 2927 Ego
438 2844 652 2908 Eadwardus
680 2865 742 2909 rex
765 2845 959 2928 Anglorum
982 2847 1071 2912 hanc
1100 2848 1259 2913 donatio-

206 2965 286 3008 nem
304 2944 500 3026 AEgelwino
522 2944 606 3007 mihi
629 2946 756 3026 oppido
773 2946 864 3010 fideli
882 2947 1099 3015 desideranti¹
1112 2949 1259 3013 libenter

208 3046 373 3110 concessi.
440 3045 478 3127 »14
506 3044 583 3128 Ego
597 3045 755 3129 AElfgysa
772 3046 885 3111 Imma
911 3054 1023 3112 mater
1051 3050 1143 3132 regis
1167 3049 1260 3114 Ead-

208 3146 317 3210 wardi
350 3146 514 3211 concessi.
588 3149 628 3229 »14
665 3146 741 3229 Ego
769 3148 985 3230 AEgelwinus
1024 3148 1114 3215 hanc
1150 3170 1261 3214 meam

208 3247 427 3311 donationem
459 3267 563 3312 manu
591 3267 668 3310 mea
694 3248 906 3312 confirmaui.
980 3249 1018 3331 »14
1059 3250 1135 3333 Ego
1171 3251 1263 3315 Ead-

208 3354 321 3411 noaus
346 3349 539 3432 episcopus
598 3347 736 3430 ›14Ego
755 3348 930 3413 Siwardus
947 3369 1072 3414 comes
1129 3352 1168 3433 »14
1185 3352 1261 3434 Ego

211 3447 337 3511 Durius
369 3467 494 3511 comes.
586 3447 625 3529 »14
660 3446 737 3529 Ego
768 3447 934 3513 AElfricus
967 3449 1059 3514 filius
1089 3450 1259 3535 Witlgari.

215 3551 253 3630 »14
276 3549 352 3630 Ego
368 3547 553 3612 AElswinus
579 3547 671 3610 filius
702 3547 884 3613 Wulfredi.
954 3551 993 3633 »14
1026 3550 1102 3633 Ego
1132 3554 1259 3634 Durgi·

209 3648 325 3712 selus·
384 3650 422 3729 »14
443 3647 520 3729 Ego
538 3647 675 3728 Swegn.
736 3647 812 3730 Ego
828 3650 1045 3715 Burhtredus
1071 3655 1126 3734 »14.
1184 3652 1260 3736 Ego

211 3747 408 3812 Leofwinus
437 3747 528 3811 filius
551 3748 677 3811 AEstan
705 3751 760 3830 »14.
826 3750 902 3832 Ego
919 3749 1126 3816 AElfwoldus
1153 3753 1260 3818 frater

140 3867 144 3874 ’
210 3847 365 3912 Leoswin
388 3850 444 3929 »14.
513 3848 589 3929 Ego
603 3847 800 3929 AEgelricus
815 3849 930 3915 Rufus
951 3854 1006 3933 »14.
1069 3853 1145 3935 Ego
1163 3852 1261 3919 Alric

208 3957 245 4015 ct
256 3949 371 4012 omnis
387 3967 462 4011 mea
477 3947 608 4011 familia
629 3951 682 4028 »14.
846 3972 848 3977 ·
1059 3958 1061 3960 ’
