2902 4890
459 369 633 418 cnnnrns
658 369 999 419 nnccosnxomcnu.
1230 355 1253 418 3

260 527 299 607 »14
321 526 397 606 Ego
424 524 518 590 Cnut
547 527 655 590 totius
682 526 884 591 Britanniae
914 526 1118 591 monarchus
1149 547 1246 591 meae

194 625 368 705 largitatis
384 625 512 688 donum
530 626 631 707 agiae
648 627 759 689 crucis
783 633 937 690 taumate
956 627 1128 690 roboraui.
1201 629 1240 709 »14

194 724 271 804 Ego
305 725 474 806 Liuingus
512 726 787 789 Dorobernensis
831 727 1017 790 aecclesiae
1061 727 1244 808 episcopus

195 825 353 887 consensi
367 835 402 888 et
419 824 619 906 subscripsi.
693 826 732 906 »14
754 825 831 905 Ego
849 825 1001 889 Wlfstan
1020 825 1245 889 Eboracensis

194 923 381 986 aecclesiae
408 922 686 1006 archiepiscopus
716 925 816 1004 signo
849 932 990 988 sanctae
1021 927 1133 988 crucis
1164 927 1245 988 suh-

197 1023 329 1104 scripsi.
401 1024 440 1104 »14
463 1022 541 1104 Ego
557 1022 714 1104 AElfgyfa
746 1025 867 1104 regina
896 1023 1088 1088 humillima
1116 1023 1246 1088 adiuui.

201 1123 240 1203 »14
258 1123 334 1202 Ego
347 1121 517 1185 AElfsinus
533 1123 715 1204 episcopus
732 1142 800 1186 non
817 1125 926 1187 renui.
982 1125 1021 1205 »14
1040 1125 1117 1205 Ego
1131 1123 1245 1187 Briht-

196 1221 287 1284 wold
304 1221 487 1303 episcopus
504 1222 676 1304 adquieui.
734 1223 773 1303 »14
794 1223 870 1304 Ego
883 1223 1075 1287 AEttelwine
1090 1224 1243 1306 episcop-

195 1339 237 1383 us
275 1320 483 1384 confirmaui.
561 1323 600 1403 »14
617 1321 694 1402 Ego
711 1321 900 1386 Brihtwine
927 1323 1110 1405 episcopus
1136 1321 1245 1386 consi-

192 1419 277 1483 lium
308 1420 397 1484 dedi.
469 1422 508 1502 »14
531 1421 608 1502 Ego
631 1420 777 1486 Eadno’d
808 1422 989 1504 episcopus
1020 1422 1243 1487 consolidaui.

199 1521 238 1601 »14
268 1519 345 1601 Ego
371 1519 561 1583 Burhwold
595 1521 777 1602 episcopus
810 1522 972 1586 conclusi.
1063 1524 1102 1604 »14
1123 1522 1245 1588 Durcil

192 1619 274 1681 dux.
349 1620 388 1700 »14
412 1619 517 1683 Yrric
534 1621 617 1683 dun.
690 1622 729 1699 »14
753 1619 888 1701 Egillaf
909 1621 993 1686 dux.
1067 1623 1106 1703 »14
1127 1621 1243 1703 Ranig

191 1717 275 1782 dux.
343 1719 383 1799 »14
407 1719 626 1784 AEdelweard
643 1718 727 1784 dux.
799 1722 838 1802 »14
862 1719 1030 1784 Godwine
1047 1722 1131 1784 dux.
1199 1723 1238 1800 »14

194 1817 349 1899 Brihtrig
376 1819 495 1882 abbae.
560 1821 599 1901 »14
622 1818 797 1902 AEdelsige
825 1821 941 1884 abbas
999 1820 1245 1902 ›14Brihtmacr

193 1918 312 1982 abbas.
382 1920 421 2000 »14
443 1917 592 2000 AElfsige
610 1920 729 1983 abbas.
798 1920 837 2000 »14
855 1920 996 1984 AEluere
1020 1921 1137 1986 abbae.
1199 1921 1238 2001 »14

196 2014 388 2081 AEdelwold
420 2018 539 2081 abbas.
611 2021 650 2101 »14
680 2018 797 2084 Dored
831 2020 995 2084 minister.
1075 2023 1113 2100 »14
1137 2019 1245 2083 Aslac

195 2116 359 2181 minister.
434 2119 473 2199 »14
503 2117 593 2181 Tobi
621 2119 788 2184 minister.
858 2121 897 2201 »14
921 2119 1059 2201 AElfgar
1080 2119 1243 2184 minister.

200 2218 239 2298 »14
262 2217 362 2282 Odda
384 2217 550 2281 minister.
609 2219 648 2299 »14
670 2218 808 2299 AElfgar
823 2219 990 2282 minister.

593 2464 853 2530 DCCXXIX.

509 2584 511 2588 ’
586 2588 735 2668 CNUT,
757 2591 854 2654 1019.

249 2717 289 2797 »14
309 2714 459 2777 Rucron
483 2714 705 2796 altipolorum
732 2715 880 2778 culmine
906 2720 1010 2795 atque
1039 2713 1246 2777 architector

195 2834 349 2878 summae
378 2814 528 2877 fabricae
555 2815 734 2878 aethereae
764 2815 877 2889 aulae,
900 2833 945 2876 ex
970 2812 1077 2875 nihilo
1108 2814 1245 2895 quidem

195 2922 321 2978 cuncta
351 2914 495 2990 creauit,
524 2914 657 2978 coelum
687 2914 818 2978 scilicet
845 2920 880 2976 et
912 2919 1038 2975 terram
1065 2919 1100 2975 et
1131 2914 1246 2976 omnia

195 3034 284 3097 quae
311 3013 348 3076 in
376 3015 427 3077 eis
451 3020 543 3089 sunt,
567 3013 715 3077 candida
742 3013 879 3094 quidem
905 3011 1063 3093 angelica
1093 3013 1244 3094 agmina,

195 3114 315 3190 solem,
331 3112 460 3190 lunam,
478 3113 661 3195 lucidaque
689 3121 796 3189 astra,
814 3119 848 3177 et
871 3118 1008 3175 caetera
1031 3130 1120 3193 quae
1142 3131 1246 3194 super

195 3213 410 3277 firmamento
428 3219 529 3291 sunt3
554 3213 673 3275 mundi
696 3220 811 3276 autem
836 3211 1000 3274 fabricam
1025 3211 1246 3274 inenarrabili

195 3313 381 3396 disponens
414 3311 543 3387 ordine,
566 3318 605 3375 ut
624 3311 769 3375 Genesis
795 3315 956 3385 testatur,
980 3307 1052 3372 ‘Et
1074 3309 1245 3372 hominem

195 3420 297 3477 sexto
325 3412 381 3485 die
411 3411 574 3475 formauit
607 3411 651 3474 ad
683 3409 939 3473 similitudinem
971 3407 1092 3484 suam,'
1117 3406 1244 3485 Adam,

196 3511 369 3588 uidelicet,
385 3510 609 3592 quadriformi
631 3509 840 3592 plasmatum
863 3508 1019 3585 materia,
1044 3507 1133 3570 unde
1155 3527 1246 3571 nunc

195 3618 333 3676 constat
355 3629 463 3692 genus
490 3609 678 3673 humanum
704 3627 794 3692 quae
825 3609 860 3671 in
893 3606 994 3671 terris
1024 3614 1183 3671 mouetur
1210 3616 1246 3671 et

193 3713 263 3774 ima
285 3716 378 3773 terra
401 3709 572 3774 laruarica
595 3709 752 3785 latibula,
772 3709 831 3771 ubi
861 3714 897 3771 et
922 3706 1059 3770 Lucifer
1085 3725 1163 3769 cum
1185 3706 1245 3769 de-

193 3810 283 3876 cimo
312 3808 429 3872 ordine
459 3828 521 3890 per
554 3809 749 3891 superbiam
771 3808 813 3871 de
839 3806 935 3870 coelo
965 3806 1046 3869 ruit.
1114 3804 1181 3868 Sed
1211 3815 1247 3870 et

194 3911 259 3974 hoc
288 3908 421 3972 inuidet
443 3908 585 3990 pestifer
611 3908 793 3972 chelidrus
815 3905 1114 3988 prothoplaustum
1138 3924 1159 3968 a
1181 3904 1246 3970 deo

194 4008 371 4074 conditum
404 4007 623 4072 intellexerat
656 4014 696 4071 ut
722 4007 787 4070 hoc
821 4005 1034 4087 impleret,a
1068 4023 1136 4085 quo
1171 4006 1246 4086 ipse

194 4110 350 4173 miseret
367 4106 535 4172 satellites
552 4108 645 4171 illius
663 4107 706 4170 de
722 4107 818 4170 coelo
840 4105 984 4186 proiecti
1002 4110 1094 4167 sunt.
1141 4104 1245 4170 Heu!

1100 4211 1114 4246 s
1126 4203 1142 4248 2
