2902 4890
437 400 609 450 cnrnrnn
632 399 974 449 nncncsnxonrcrn.
1164 386 1229 450 165

168 578 261 643 quae
278 558 405 624 dicitur
418 559 614 636 Hcanican,
632 565 667 622 et
684 559 854 623 Mercern.
907 561 1008 625 Haec
1025 561 1132 642 igitur
1148 581 1225 624 cum

171 660 329 725 omnibns
360 660 405 724 ad
439 678 477 723 se
504 658 767 741 pcrtinentibus,
799 659 833 721 id
864 666 918 723 cst
945 660 1055 736 siluis,
1082 662 1225 743 campis,

170 760 293 841 pratis,
314 759 465 842 pascuis,
488 758 654 840 piscariis,
673 757 890 836 molendinis,
914 761 1101 824 aecclesiae
1124 780 1224 841 prae·

170 858 264 923 fatae
280 858 337 922 uel
351 859 527 941 episcopo,
541 865 581 922 ut
595 856 766 939 praedixi,
783 856 961 939 confirmo,
978 868 1012 923 et
1030 859 1224 923 libertatern

171 959 246 1021 eins
281 957 468 1022 secundum
507 963 765 1021 antecessorum
797 977 949 1022 meorum
987 966 1120 1023 statuta
1153 979 1226 1022 am-

169 1057 296 1139 plifico.
340 1056 477 1140 Scripta
503 1064 556 1121 est
573 1056 658 1120 haec
679 1064 776 1120 carta
796 1058 839 1120 ab
860 1057 977 1122 eodem
997 1058 1128 1122 Gisone
1151 1059 1224 1140 epi·

169 1175 278 1239 scopo
299 1157 397 1221 iussu
413 1176 489 1221 meo
505 1174 596 1219 anno
613 1155 804 1220 dominicae
818 1157 1065 1222 incarnationis
1085 1174 1223 1223 ,rrnxu

169 1256 355 1321 indictione
373 1273 439 1319 .111.
480 1272 560 1320 .xx.
579 1254 634 1319 die
665 1257 792 1319 mensis
820 1256 907 1319 Maii
935 1259 971 1321 in
1003 1258 1111 1339 regali
1141 1258 1224 1321 uilla

169 1355 395 1422 chdlcsore
411 1362 619 1438 nuncupata.

220 1455 366 1537 Signum
384 1474 507 1519 manus
524 1454 667 1518 Gisonis
684 1454 837 1537 episcopi
858 1456 912 1535 »lc

220 1553 350 1618 neira.
401 1555 463 1619 Dis
489 1555 519 1618 is
543 1553 651 1618 eallra
672 1543 765 1618 aera
788 1555 893 1618 landa
917 1545 1064 1619 landboc
1087 1561 1132 1620 tte
1154 1557 1223 1619 mid

169 1654 258 1718 rihte
280 1652 393 1740 hyras
414 1644 490 1718 into
515 1643 597 1718 itam
623 1646 815 1737 biscoprice
837 1653 878 1718 lic
896 1655 1083 1718 Eidweard
1112 1675 1223 1738 cynge

169 1744 345 1835 gebocode
360 1761 481 1818 sancto
492 1752 634 1817 Andrea
652 1755 810 1836 apostolo
827 1745 903 1818 into
916 1744 998 1819 itam
1015 1756 1223 1837 biscepstole

170 1844 209 1918 tf)
225 1854 369 1937 Wyllan
388 1874 431 1918 on
450 1844 511 1917 ece
528 1853 613 1936 yrfe.

564 2068 825 2135 DCCCXVII.

487 2191 786 2295 ninivense,
814 2220 911 2284 1065.

225 2356 265 2436 *1⁴
285 2352 566 2432 ‘Quincunces
584 2354 714 2435 scripta
729 2349 832 2431 sunt,'
850 2354 933 2417 dicit
950 2352 1137 2435 apostolus,
1155 2353 1221 2415 ‘ad

170 2460 322 2517 nostram
341 2453 533 2517 doctrinam
552 2453 681 2535 scripta
696 2460 789 2529 sunt,
802 2454 944 2530 scilicet,
959 2460 997 2517 ut
1014 2473 1073 2534 per
1087 2451 1220 2534 patien·

170 2553 255 2616 tiam
276 2560 312 2617 et
328 2553 597 2618 consolationem
620 2552 866 2634 scripturarum
888 2573 983 2636 spem
1001 2552 1220 2626 habeamus3’

169 2653 295 2716 iccirco
323 2655 467 2716 terrenis
489 2661 524 2716 et
552 2652 690 2716 caducis
718 2660 860 2716 aeterna
887 2661 921 2717 et
945 2672 1107 2716 mansura
1135 2671 1222 2714 mer-

169 2753 282 2816 canda
304 2759 397 2829 sunt,
420 2760 455 2817 et
477 2772 554 2817 cum
579 2772 640 2834 spe
662 2754 752 2815 bona
773 2753 1013 2835 perquirenda,
1032 2754 1105 2835 ipse
1131 2752 1220 2815 enim

169 2853 255 2916 deus
280 2852 538 2916 retributionem
561 2853 712 2916 omniurn
730 2859 868 2915 actuum
894 2861 1088 2916 nostrorum
1110 2853 1146 2915 in
1166 2852 1221 2915 die

169 2952 436 3017 examinationis
468 2953 569 3015 iuxta
598 2952 866 3034 uniuscuiusque
896 2953 1054 3017 meritum
1080 2953 1218 3032 reddet3

168 3052 313 3133 ideoque
331 3051 570 3116 subtillissima
598 3053 721 3115 mentis
744 3053 932 3117 certatione
954 3059 989 3116 et
1011 3053 1144 3116 ardenti
1167 3054 1219 3115 in·

170 3151 355 3234 quisitione
371 3151 467 3215 illum
485 3152 613 3215 imitari
630 3159 843 3232 satagamus
859 3151 939 3215 licet
956 3152 1110 3215 mortalis
1127 3153 1222 3214 uitae

170 3251 321 3334 pondere
339 3251 449 3333 pressi
466 3259 500 3316 ct
516 3251 662 3315 labentis
680 3251 781 3314 huius
801 3251 929 3315 saeculi
946 3252 1222 3332 possessionibus
1263 3332 1268 3341 ¹

171 3350 411 3415 miserabiliter
426 3371 545 3414 sumus
563 3350 742 3426 insoecati3
771 3358 885 3414 tamen
903 3350 1132 3413 miserationis
1149 3351 1222 3412 eius

172 3450 347 3532 largitate,
364 3452 501 3514 caducis
524 3451 648 3533 opibus
669 3458 810 3514 aeterna
832 3450 990 3514 coelestis
1008 3451 1103 3512 uitae
1122 3470 1221 3533 prae-

170 3551 241 3613 mia
261 3552 405 3614 mercari
423 3570 637 3633 quaeramus.
691 3548 913 3632 Quapropter
928 3570 992 3630 ego
1009 3549 1221 3614 Eadwardus

170 3669 332 3731 suprema
344 3650 456 3732 gratia
473 3650 642 3731 largiente
653 3647 846 3732 Anglorum
861 3651 991 3731 regalia
1006 3658 1143 3732 sceptra
1158 3670 1222 3731 gn-

171 3752 329 3827 bernans,
347 3757 491 3831 rogatus
508 3771 529 3812 a
544 3749 716 3813 Brihtrico
737 3750 861 3813 abbate
881 3748 1118 3813 Melduneusis
1143 3771 1220 3815 coe-

171 3849 265 3913 nobii
287 3869 365 3913 cunr
386 3869 555 3914 consensu
575 3850 823 3932 episcoporum,
841 3851 1114 3932 optimatumque
1132 3871 1221 3915 meo-

172 3968 260 4025 rum,
282 3950 326 4013 ob
348 3950 511 4014 honorem
536 3957 675 4013 sanctae
703 3949 758 4013 dei
785 3950 960 4031 genitricis
984 3950 1119 4012 Mariae
1144 3971 1220 4032 per-

173 4055 298 4131 petuae
325 4050 479 4132 uirginis
512 4056 547 4115 ct
578 4051 621 4113 ob
650 4051 878 4113 reuerentiam
911 4050 1021 4112 sancti
1049 4048 1222 4116 Aldhelmi

171 4148 321 4215 eiusdem
341 4151 495 4216 coenobii
511 4151 682 4233 quondam
700 4150 846 4226 abbatis,
860 4149 983 4213 deinde
1000 4149 1222 4216 Schirabnrn-
