2902 4890
193 378 259 442 244
452 392 625 440 ennarru
651 390 994 439 nncnosnxonrenu.

196 549 364 615 comitatu
384 547 673 629 Huntingtoniae,
694 546 865 610 salutem!
921 545 1053 611 Notum
1078 547 1177 612 uobis
1204 550 1251 612 sit

197 651 289 733 quod
321 669 386 730 ego
420 648 499 712 uolo
533 657 571 711 ut
598 653 739 710 sanctus
768 645 976 710 Benedictus
1008 646 1051 709 do
1085 646 1252 712 Ramesia

197 751 322 814 habeat
353 758 479 813 terram
501 748 544 811 de
563 744 829 828 Hemmingford
855 766 932 809 cum
956 746 1113 810 omnibus
1143 748 1249 831 perti·

198 850 325 913 uentiis
350 848 422 912 suis
439 849 488 912 ita
507 848 607 929 plene
628 856 664 910 et
680 846 831 929 perfecte
857 847 949 910 sicut
965 866 1028 910 rex
1044 846 1251 911 Hardecnut

198 949 305 1013 trater
327 968 423 1011 meus
452 955 487 1011 et
505 947 661 1029 AElfgiua
684 954 794 1011 mater
821 964 898 1009 mea
925 965 1000 1009 eam
1030 947 1139 1010 eidem
1172 967 1251 1011 aec·

199 1050 324 1112 clesiae
350 1055 595 1112 concesserunt
612 1053 647 1110 et
665 1047 797 1110 nullum
819 1045 959 1110 omnino
976 1065 1040 1110 nec
1057 1045 1252 1129 Anglorurn

199 1150 452 1212 neoDanorum
472 1148 560 1211 hanc
581 1147 802 1211 donationem
819 1153 953 1210 mutare
971 1147 1142 1228 permitto.

603 1445 855 1513 uccccvu.

580 1574 880 1662 uiuwunan.

256 1746 295 1826 ›1‹
319 1744 563 1807 Enownnuus
594 1742 650 1805 dei
678 1745 793 1824 gratia
818 1763 881 1807 rex
900 1743 1092 1827 Auglorum
1122 1749 1256 1812 cunctis

202 1845 332 1910 Christi
350 1842 507 1906 fidelibus
529 1852 730 1925 perpetuam
750 1843 786 1907 in
804 1843 942 1909 domino
962 1845 1131 1911 salutem!
1167 1846 1254 1911 Cum

202 1965 265 2009 rex
292 1953 327 2008 et
348 1943 507 2008 dominus
537 1962 651 2006 rerum
679 1944 832 2006 omnium
857 1944 954 2022 deus,
978 1946 1072 2010 nullo
1097 1947 1255 2029 indigens

203 2052 328 2110 cuncta
350 2044 537 2127 possideat,
559 2042 634 2124 agit
656 2043 820 2107 ineffabili
838 2063 908 2126 qua
935 2044 1106 2109 hominem
1133 2047 1258 2111 dilexit

202 2145 348 2209 caritate
376 2151 415 2207 ut
432 2164 481 2207 -ex
505 2143 560 2205 his
580 2162 670 2226 quae
697 2143 774 2206 usui
796 2143 947 2210 humano
973 2153 1090 2210 creata
1114 2146 1257 2228 largiter

200 2245 387 2321 ministrat,
400 2243 475 2325 ipse
491 2243 607 2325 aliqua
625 2243 725 2325 quasi
743 2244 885 2308 donaria
902 2253 1083 2327 gratanter
1099 2246 1256 2329 recipiat,

203 2365 273 2428 quo
299 2364 336 2407 se
359 2344 510 2408 colentes
534 2341 578 2405 ad
601 2362 686 2406 suae
709 2344 887 2408 seruitutis
910 2345 1134 2410 intentionem
1155 2347 1257 2411 deuo-

201 2448 309 2510 tiores
332 2444 465 2520 reddat,
482 2462 570 2525 quos
590 2443 807 2524 postmodum
828 2452 996 2527 perpetua
1017 2464 1136 2510 secum
1153 2447 1257 2510 libor-

204 2553 278 2610 tate
322 2563 467 2626 regnare
499 2543 676 2608 concedat.
735 2543 816 2622 Qua
854 2545 1032 2610 seruitutis
1069 2546 1258 2613 intentione

201 2646 340 2728 antiqui
366 2651 483 2727 patres
515 2643 682 2720 succensi,
711 2662 775 2707 sua
801 2644 949 2726 primum
973 2646 1112 2711 domino
1136 2648 1258 2712 studu-

200 2752 307 2809 erunt
335 2743 542 2827 impendere,
571 2743 789 2824 postmodum
817 2763 854 2809 se
888 2753 1085 2811 mutuantes
1112 2749 1258 2812 terrenis

203 2843 370 2908 coelestia
387 2841 634 2924 temporalibus
655 2844 874 2925 sempiterna.
927 2844 1085 2924 Quorum
1108 2849 1259 2930 uestigia

207 2943 388 3025 Eadgarus
428 2961 515 3005 auus
550 2961 645 3005 meus
674 2961 715 3005 ac
749 2944 995 3026 praedecessor
1026 2948 1258 3030 sceptrigerae

206 3042 389 3127 potestatis
418 3041 602 3123 diligenter
619 3044 832 3125 subsequens
858 3052 894 3108 et
919 3046 1097 3129 exemplar
1126 3047 1259 3130 perfec·

207 3145 275 3208 tius
302 3142 457 3227 implens
477 3142 626 3226 Elyense
649 3143 850 3207 coenobium
873 3151 909 3208 et
930 3145 1010 3223 alia,
1034 3147 1118 3210 illud
1144 3155 1258 3212 tamen

206 3245 345 3327 egregie
372 3250 509 3326 praeter
535 3250 671 3306 caetera
701 3245 920 3322 restaurauit,
947 3253 1147 3310 restaurans
1170 3248 1260 3312 dita·

207 3346 271 3421 uit,
300 3345 414 3410 ditans
446 3343 643 3408 omnimoda
683 3343 843 3408 libertate
877 3346 1058 3428 quietauit,
1082 3349 1260 3413 consultus

208 3445 416 3525 adiutusque
433 3442 554 3506 sedula
571 3443 681 3506 sancti
694 3442 901 3508 AEaelwoldi
923 3448 1187 3513 summonitione
1205 3449 1262 3513 uel

205 3544 348 3626 copiosa
379 3543 596 3626 praediorum
625 3545 926 3622 augmentatione;
951 3548 1043 3627 quod
1071 3554 1107 3611 et
1138 3534 1260 3614 sancto

209 3645 395 3708 Dunstano
413 3642 573 3705 alacriter
590 3642 809 3707 collaudante
829 3645 1031 3728 cunctisque
1056 3648 1261 3729 primatibus

209 3745 305 3825 regni
339 3741 522 3824 priuilegio
557 3741 727 3805 firmatum
762 3750 837 3823 est;
879 3745 1086 3810 AE’6elredus
1123 3767 1261 3833 quoque

210 3851 310 3924 pater
343 3861 438 3904 meus
473 3860 556 3903 suae
599 3843 857 3922 gubernationis
897 3853 1052 3928 tempore
1091 3849 1260 3928 quaedam

210 3941 352 4023 praedia
380 3941 488 4004 eidem
527 3940 603 4004 loco
637 3942 782 4006 contulit
816 3943 1033 4028 prioremque
1066 3946 1260 4016 libertatem

210 4060 294 4104 suae
333 4060 541 4124 suorumque
588 4042 819 4105 concessionis
864 4044 1048 4127 priuilegio
1087 4047 1260 4116 solidauit.

213 4139 348 4206 Horum
367 4161 432 4222 ego
451 4141 665 4205 Eadwardus
682 4141 736 4204 dei
765 4144 879 4224 gratia
905 4163 1085 4210 successor
1106 4146 1187 4212 licet
1209 4152 1262 4216 in.
