2902 4890
279 350 325 414 12
539 369 711 417 canaria
734 368 1076 418 ancnosnxomorn.

285 542 389 605 quam
420 542 442 586 a
474 523 623 605 praefati
650 524 850 588 monasterii
878 523 1091 589 haereditate
1119 532 1337 607 separentur,

285 623 345 685 sed
361 622 487 686 ibidem
504 623 616 687 solida
637 631 672 687 et
691 632 861 705 perpetua
876 624 968 687 beati
991 624 1087 687 Petri
1108 625 1238 689 ditione
1254 645 1338 707 pos-

286 721 474 785 sideantur.
538 721 641 800 Quod
670 723 700 785 si
728 723 806 804 quis
833 741 985 804 unquam
1011 724 1204 805 transgredi
1234 744 1337 806 prae·

284 822 482 902 sumpserit,
512 826 691 903 separetur
713 841 735 884 a
762 821 826 884 deo
855 828 891 884 ct
917 822 1076 886 omnibus
1098 823 1218 887 electis
1247 824 1337 900 eius,

284 927 321 984 et
346 920 550 984 daemonum
576 921 723 1001 collegio
751 922 786 983 in
820 928 980 984 aeternas
1011 941 1141 1003 poenas
1172 923 1336 988 societur.

286 1018 403 1082 Huius
434 1021 528 1100 pacti
558 1019 682 1082 summi
714 1027 820 1083 testes
853 1019 1024 1083 affuerunt
1056 1021 1337 1104 archiepiscopus

283 1117 498 1182 AE’delnobus
517 1118 740 1196 Cantuariae,
755 1125 790 1182 et
811 1118 1089 1200 archiepiscopus
1105 1119 1338 1184 Eboracensis

283 1217 492 1294 WlfstanuS,
511 1225 546 1282 et
566 1218 742 1282 dioceseos
763 1217 920 1298 pontifex
931 1216 1136 1295 AEbelricus,
1152 1239 1229 1283 cum
1245 1220 1337 1302 ipso,

283 1316 425 1392 scilicet,
441 1337 523 1398 rege
541 1316 658 1381 Cunut
676 1324 711 1380 et
727 1317 848 1397 regina
863 1316 986 1380 Ernrna
1006 1324 1042 1380 et
1061 1337 1188 1398 magna
1209 1319 1338 1400 princi-

283 1437 364 1498 pum
382 1436 423 1479 ac
444 1417 578 1499 patriae
596 1417 704 1480 curia.
757 1414 828 1478 Hic
848 1422 964 1479 autem
990 1417 1144 1498 ipsarum
1166 1437 1337 1499 aquarum

283 1515 340 1579 uel
366 1516 529 1597 paludum
552 1517 718 1579 terminus
741 1514 945 1578 describitur
967 1535 1009 1578 ne
1037 1517 1115 1598 quis
1137 1517 1338 1598 ignorantia

283 1614 454 1691 laedatur,
477 1616 649 1696 quomodo
686 1622 847 1695 stagnum
882 1615 972 1695 quod
1006 1623 1152 1678 uocatur
1172 1616 1336 1680 Witeles-

285 1732 377 1776 mere
395 1733 472 1777 cum
490 1714 561 1777 suis
578 1713 747 1796 piscariis,
765 1712 960 1794 paludibus,
979 1720 1014 1777 et
1033 1716 1133 1796 aquis
1156 1716 1336 1780 terminat-

284 1833 336 1879 ur.
389 1812 432 1875 In
457 1813 719 1895 septentrionali
743 1819 841 1894 parte
864 1813 980 1894 stagni
1004 1822 1058 1877 est
1076 1833 1168 1895 aqua
1198 1815 1336 1878 nomine

285 1911 462 1976 Merelade
487 1913 606 1975 exiens
629 1913 672 1976 de
694 1931 794 1975 amne
811 1910 902 1989 Non,
926 1913 984 1976 ubi
1009 1914 1174 1976 terminus
1195 1921 1335 1996 septen-

277 2011 442 2075 trionalis
456 2018 509 2075 est
524 2012 633 2092 ipsius
648 2012 783 2092 stagni3
808 2011 893 2074 haec
909 2031 991 2075 uero
1010 2031 1087 2075 cum
1112 2013 1183 2076 suis
1199 2013 1336 2095 paludi-

279 2113 344 2175 bus
367 2111 419 2174 illi
437 2110 584 2187 adiacet,
599 2110 730 2174 habens
754 2111 790 2173 in
812 2111 880 2173 fine
904 2112 1089 2192 piscarium
1110 2132 1215 2175 unum
1238 2114 1333 2194 quod

278 2212 407 2275 'dicitur
421 2209 619 2275 AEbemude.
672 2210 715 2274 In
734 2210 893 2273 orientali
917 2217 1015 2292 parte
1039 2210 1131 2274 illius
1156 2219 1238 2275 sunt
1261 2213 1332 2276 duo

279 2320 406 2392 stagna
430 2331 520 2392 quae
541 2316 712 2375 uocantur
727 2309 901 2390 Wellepol
925 2317 960 2373 et
976 2309 1216 2389 Trendmoem3
1240 2312 1332 2375 inter

282 2410 367 2475 haec
397 2418 523 2492 stagna
562 2417 615 2474 est
646 2429 739 2491 aqua
778 2415 929 2490 angusta
962 2409 1107 2473 duorum
1141 2410 1334 2475 stadiorum

275 2509 388 2590 longa
413 2529 502 2591 quae
530 2516 677 2573 uocatur
702 2508 923 2571 Trendmaere
949 2509 1044 2586 bece,
1069 2509 1199 2573 habens
1229 2511 1264 2572 in
1292 2529 1332 2574 se

279 2610 350 2672 duo
361 2609 530 2689 piscaria3
559 2616 612 2671 est
626 2608 731 2671 etiarn
747 2607 794 2670 ibi
806 2626 898 2690 aqua
913 2615 1063 2689 angusta
1075 2609 1177 2671 unius
1192 2609 1333 2674 miliarii

281 2708 388 2788 longa
404 2727 493 2788 quae
511 2714 656 2770 uocatur
680 2706 792 2783 Falct,
814 2707 945 2770 habens
969 2709 1005 2771 in
1028 2727 1066 2770 se
1088 2728 1193 2771 unum
1215 2709 1331 2789 pisca,

279 2808 389 2884 rium3
420 2808 455 2869 in
482 2807 544 2870 illa
565 2814 664 2889 parte
689 2806 780 2869 inter
810 2806 1030 2871 Witlesmere
1056 2814 1091 2871 et
1115 2807 1339 2890 Kyngesdels

282 2907 343 2970 ubi
368 2907 533 2969 terminus
552 2914 605 2969 est
626 2906 817 2982 orientalia,
833 2913 886 2968 est
903 2907 1051 2988 spatium
1071 2907 1206 2988 paludis
1227 2909 1333 2972 trium

282 3006 505 3069 miliariorum
524 3006 559 3068 in
574 3005 769 3082 latitudine,
793 3004 924 3069 babens
941 3005 975 3068 in
1002 3026 1039 3070 se
1055 3026 1181 3090 aquam
1202 3026 1334 3088 angus-

280 3112 352 3168 tam
385 3123 474 3186 quae
508 3112 652 3168 uocatur
685 3104 831 3168 Ihescus
859 3110 893 3168 et
930 3105 1054 3170 siluam
1087 3126 1175 3188 quae
1204 3107 1333 3172 dicitur

275 3203 484 3286 ‘Ragreholt
538 3205 581 3268 In
611 3205 755 3268 australi
789 3223 870 3267 uero
902 3213 1000 3286 parte
1035 3206 1128 3269 illius
1157 3214 1211 3270 est
1240 3226 1334 3288 aqua

275 3313 427 3386 'angusta
442 3304 546 3368 trium
563 3305 752 3368 stadiorum
778 3304 883 3386 longa
905 3324 994 3387 quae
1011 3313 1159 3369 uocatur
1174 3305 1333 3371 Scaelfrc-

277 3425 384 3468 maere
406 3406 488 3469 bece
509 3405 636 3468 habens
667 3406 703 3467 in
737 3424 774 3467 se
798 3404 867 3467 duo
897 3405 1058 3485 piscaria,
1086 3406 1122 3468 in
1144 3407 1241 3469 cuius
1264 3406 1334 3472 fine

274 3513 332 3568 est
357 3513 519 3584 stagnum
550 3504 641 3585 quod
673 3510 818 3566 uocatur
848 3502 1093 3583 Scelfremaere,
1125 3504 1254 3569 babens
1287 3509 1332 3571 ad

278 3624 377 3667 suam
395 3603 579 3666 australem
598 3602 737 3684 plagam
758 3620 883 3683 aquam
901 3611 1095 3683 angustam,
1110 3624 1199 3687 quae
1216 3614 1333 3672 uocat·

273 3725 319 3767 ur
344 3702 629 3766 Ubbemaerelade
657 3700 787 3763 dimidii
815 3701 951 3764 miliarii
978 3703 1092 3785 longa.
1162 3704 1205 3767 In
1230 3704 1333 3771 huius

280 3804 381 3867 etiam
398 3803 511 3884 capite
526 3802 561 3864 id
584 3808 637 3864 est
657 3801 692 3862 in
710 3801 776 3863 fine
794 3802 909 3882 stagni
930 3810 983 3865 est
1000 3823 1105 3866 unum
1123 3805 1331 3888 piscarium;

274 3903 322 3965 ad
339 3901 440 3965 huius
457 3920 568 3984 aquae
590 3900 807 3963 medietatem
832 3901 869 3962 in
890 3901 1104 3981 longitudine
1127 3911 1180 3966 est
1195 3905 1293 3966 locus
1311 3927 1330 3970 e

279 4009 399 4063 contra
424 4003 459 4063 in
477 4001 602 4083 palude
627 4000 686 4080 qui
711 4008 855 4063 uocatur
874 3999 1084 4065 Ealduuines
1106 4003 1248 4080 baruue,
1272 4007 1332 4070 ubi

277 4101 436 4162 australis
469 4109 522 4164 est
549 4099 725 4164 terminus
780 4099 821 4162 In
852 4100 1056 4177 occidentali
1088 4109 1201 4165 autem
1231 4113 1331 4185 parte
