2902 4890
385 370 558 419 culnrnn
580 369 920 418 nuouosnxomora
1139 354 1182 420 ll

128 527 218 590 wold
236 526 339 602 Rust
351 526 419 589 and
436 517 614 591 Leofwine
631 525 819 591 Godwines
837 547 927 590 sunu
944 484 1178 603 aetHortfine,

128 626 196 689 and
213 616 391 690 Ledswine
415 646 453 690 se
476 626 589 703 reside,
605 627 673 690 and
692 625 862 690 Godwine
880 625 1054 707 Esdgeole
1077 645 1179 703 sunu,

128 725 195 788 and
212 717 390 790 Leossunu
421 725 475 788 bis
502 725 635 790 brdter.
699 724 780 791 And
805 713 880 790 swa
903 725 1053 790 hwaeber
1074 725 1180 789 heora

128 824 219 906 laeng
241 825 333 888 libbe
355 816 394 890 fo
420 817 459 890 to
481 825 595 889 eallan
619 816 771 908 ss[h]tan
792 845 836 906 ge
858 844 903 889 on
919 812 1001 889 bam
1019 824 1120 888 lande
1135 830 1180 888 tte

128 924 161 987 ic
183 923 283 988 heom
307 923 386 1006 goes,
404 944 447 1005 ge
462 925 540 1005 0[n]
560 913 671 989 felcon
692 926 829 1008 bingae.
882 923 1000 1007 Dyssa
1024 926 1126 1008 binga
1149 924 1180 988 is

129 1012 304 1104 gecnmwe
335 1012 400 1087 alc
435 1024 557 1105 dohtig
586 1043 667 1088 man
700 1043 745 1088 on
778 1021 885 1087 Kaent
914 1024 983 1086 and
1014 1044 1059 1088 on
1089 1015 1182 1087 Sutt-

130 1122 259 1198 Sexau‚
273 1142 318 1186 on
335 1128 488 1208 bogenan
505 1123 634 1186 audon
652 1123 806 1198 ceorlan3
832 1123 900 1187 and
916 1121 1020 1206 byssa
1036 1123 1182 1206 gewrita

130 1222 219 1302 synd
244 1214 337 1307 bref),
365 1223 408 1285 im
435 1223 465 1285 is
493 1230 539 1285 aet
563 1220 695 1286 Cristes
727 1242 864 1305 syroen,
885 1214 970 1288 oser
992 1231 1038 1288 aet
1061 1228 1181 1287 sancte

131 1320 339 1404 Augustius,
357 1321 425 1386 and
441 1322 557 1406 pridde
573 1321 670 1387 haeffi
687 1313 853 1405 Byrhtric
868 1323 943 1387 sels.

505 1618 810 1685 DCOXXXIII.

419 1767 657 1846 AELFSIGE,
672 1767 789 1832 before
805 1767 903 1832 1022.

188 1917 226 1995 ›1‹
251 1914 325 1979 Hrc
342 1917 586 1998 comprobatur
608 1915 701 1997 quod
719 1915 865 1980 AElfsius
880 1916 987 1979 abbas
1003 1915 1046 1980 de
1064 1916 1182 1982 Burch

133 2023 292 2097 quartam
312 2023 445 2097 partem
463 2016 578 2096 stagni
604 2016 646 2079 de
667 2014 909 2080 Witelesmere
931 2035 1010 2079 cum
1026 2017 1183 2082 omnibus

131 2115 231 2197 aquis
263 2122 299 2178 et
324 2113 507 2197 paludibus
531 2116 567 2178 in
594 2115 739 2180 circuitu
770 2113 998 2179 attinentibus
1023 2117 1106 2180 emit
1136 2119 1182 2180 ab

131 2215 298 2296 optimate
313 2214 404 2296 regis
422 2215 559 2278 nomine
572 2214 698 2290 Dored,
716 2215 810 2291 data,
820 2215 963 2292 scilicet,
980 2215 1013 2279 ei
1030 2223 1123 2280 terra
1139 2216 1182 2281 de

134 2313 313 2377 Ouertune
330 2322 366 2379 et
383 2315 530 2396 pecunia
545 2322 713 2395 quantum
736 2314 785 2378 eis
807 2321 1038 2394 conuenerat3
1062 2315 1181 2397 sicque

131 2413 291 2479 adiunxit
307 2414 410 2478 istam
426 2420 558 2495 partem
582 2412 735 2477 eiusdem
757 2414 873 2495 stagni
895 2413 945 2476 illi
965 2415 1057 2496 parti
1075 2434 1179 2496 quam

128 2513 193 2577 deo
209 2513 365 2577 amabilis
381 2513 520 2595 praesul
533 2512 786 2578 AE’aeluuoldus
802 2533 1017 2595 summopere
1034 2515 1182 2597 acquisi-

129 2620 205 2677 erat
228 2613 295 2695 ipsi
317 2614 525 2677 monasterio
547 2613 583 2676 in
605 2611 734 2690 Burch‚
757 2613 848 2695 quod
871 2614 986 2695 gratia
1013 2613 1179 2699 principis

60 2763 62 2766 f
130 2714 366 2795 apostolorum
391 2713 488 2776 Petri
510 2713 635 2777 eximie
667 2712 801 2790 dilexit,
836 2720 871 2777 et
904 2733 968 2794 pro
995 2733 1098 2794 posse
1125 2734 1180 2778 re·

131 2813 316 2889 staurauit,
330 2813 488 2876 maxime
510 2812 635 2895 quiae
658 2812 844 2893 primordio
865 2811 1035 2893 Anglicae
1057 2813 1181 2878 cbrist-

131 2911 286 2977 ianitatis
308 2912 404 2994 regio
422 2919 456 2976 et
473 2912 664 2994 apostolico
679 2911 862 2993 priuilegio
882 2912 968 2976 illud
990 2912 1183 2978 sublimiter

132 3013 329 3076 institutum
360 3013 613 3094 perpenderat;
655 3012 783 3093 quique
810 3012 855 3075 ad
880 3012 993 3093 ipsum
1019 3013 1181 3094 quicquid

131 3112 245 3194 potuit
260 3132 373 3176 rerum
387 3119 423 3176 et
439 3113 696 3194 possessionum
712 3111 958 3193 perpetualiter
980 3112 1128 3176 contulit
1145 3122 1180 3178 et

132 3210 274 3294 perenni
304 3211 462 3275 libertate
494 3212 530 3275 in
566 3212 739 3275 uniuersis
772 3213 875 3274 rebus
904 3212 975 3274 suis
1008 3211 1181 3293 descripto

132 3311 313 3395 priuilegio
334 3313 398 3375 sub
421 3311 573 3393 glorioso
590 3330 671 3391 rege
691 3310 853 3391 Eadgaro
876 3309 1057 3388 stabiliuit,
1072 3319 1181 3393 ,atque

131 3412 274 3493 insuper
310 3411 426 3492 plures
462 3411 676 3475 diuersarum
712 3417 882 3474 terrarum
920 3418 1035 3474 cartas
1071 3410 1181 3475 eidem

133 3510 320 3575 aecclesiae
336 3511 493 3593 ingessit.
546 3510 730 3575 Praedicta
754 3530 837 3592 ergo
854 3510 983 3591 emptio
998 3510 1116 3592 stagni
1128 3512 1182 3576 ita

131 3611 334 3676 confirmata
357 3618 411 3675 est
428 3611 631 3675 Lundoniae
656 3630 772 3675 coram
795 3630 876 3692 rege
891 3609 1010 3674 Cunut
1034 3609 1181 3677 libenter

130 3717 304 3775 annuente
326 3711 496 3792 simulque
521 3711 692 3793 episcopis
715 3717 820 3792 atque
843 3709 1002 3774 omnibus
1025 3711 1180 3792 primati-

131 3812 195 3875 bus
223 3810 500 3875 collaudantibus
525 3818 560 3875 et
587 3817 659 3875 tam
687 3811 867 3875 uenditore
892 3829 995 3893 quam
1027 3818 1181 3892 emptore

129 3909 405 3992 praesentialiter
418 3911 675 3992 postulantibus
691 3911 856 3992 quatinus
870 3908 935 3974 hae
947 3910 1036 3973 duae
1051 3918 1181 3991 partes,

130 4009 195 4074 boc
225 4017 279 4074 est
313 4017 388 4074 tota
418 4010 583 4074 medietas
609 4012 720 4092 ipsius
746 4010 874 4092 stagni,
908 4029 986 4072 cum
1020 4011 1180 4075 omnibus

130 4110 366 4175 adiacentibus
392 4111 491 4193 aquis
517 4118 552 4174 et
574 4110 757 4192 paludibus
779 4117 819 4174 ut
843 4109 1062 4187 dictumest,
1091 4131 1178 4175 nun-
