2902 4890
447 392 620 442 canaria
643 393 985 450 nueuosaxourcnu.
1210 379 1251 442 81

194 551 263 615 sita
295 559 349 616 est
377 551 482 616 nimio
509 541 634 617 affectu
666 552 876 630 dilexerunt,
904 553 1181 628 honorauerunt3
1216 563 1251 618 et

195 651 414 716 donationem
443 652 551 730 illam,
578 652 781 732 Leuesham,
809 653 952 730 scilieet,
983 674 1061 717 cum
1091 655 1248 717 omnibus

194 751 260 814 sibi
291 752 555 834 pertinentibus
584 772 689 835 quam
717 752 898 816 AElbrudis
930 753 1078 834 praefati
1102 754 1247 817 AElfredi

195 852 309 932 neptis
331 852 518 916 aecclesiae
535 852 646 917 eidem
673 853 778 916 libere
807 853 965 929 contulit,
989 854 1086 934 regia
1107 874 1247 918 conces·

194 951 291 1015 sione
314 959 349 1015 et
365 952 525 1016 libertate
544 961 712 1036 perpetua
730 954 935 1018 munierunt.
988 953 1145 1032 Quorum
1167 956 1250 1018 boni

194 1052 308 1133 operis
337 1053 529 1116 intentione
558 1053 771 1135 perpendens
804 1073 846 1115 ne
874 1073 992 1117 eorum
1023 1061 1158 1118 statuta
1187 1074 1248 1118 un·

195 1170 298 1234 quam
316 1151 486 1215 ducantur
507 1153 542 1215 in
564 1154 711 1230 irritum,
727 1161 789 1216 aut
812 1152 903 1230 ullis,
925 1154 1017 1235 quod
1041 1155 1143 1231 absit,
1167 1175 1247 1236 pos-

194 1251 277 1314 teris
303 1253 484 1315 turbentur
512 1255 735 1336 temporibus,
757 1274 821 1334 ego
850 1253 986 1334 quidem
1020 1253 1120 1317 huius
1145 1254 1272 1318 liber-.

194 1351 277 1415 tatis
300 1353 548 1433 patrocinator,
565 1353 664 1417 donis
687 1372 804 1417 eorum
830 1352 964 1429 senene,
983 1374 1045 1435 pro
1068 1373 1186 1417 eorum
1213 1361 1248 1417 et

192 1471 270 1515 mea
298 1453 519 1535 omniumque
547 1473 783 1517 suceessorum
809 1473 959 1515 meorum
988 1473 1119 1534 regum,
1141 1461 1246 1534 atque

194 1551 366 1616 Baldwini
394 1552 529 1617 comitis
549 1552 703 1634 'cognati
744 1553 823 1628 mei,
865 1572 996 1616 necnon
1028 1562 1064 1617 et
1095 1553 1246 1616 omnium

193 1651 344 1715 fidelium
362 1654 591 1735 prosperitate
615 1662 650 1717 et
665 1654 791 1730 salute,
809 1652 872 1716 deo
900 1664 935 1717 et
959 1654 1060 1716 beato
1087 1654 1246 1736 apostolo

195 1747 313 1829 Petro,
335 1753 393 1835 pio
419 1753 547 1817 fautori
572 1762 702 1830 nostr0,
734 1762 770 1817 et
802 1754 919 1817 abbati
948 1753 1124 1817 Richardo
1153 1774 1246 1817 mon-

194 1851 359 1934 achisque
385 1853 561 1936 praefatae
584 1854 770 1918 aecclesiae
788 1854 830 1917 de
848 1853 944 1916 Gant
967 1853 1116 1918 concedo
1141 1862 1246 1936 atque

194 1971 271 2015 mea
295 1953 390 2033 regia
417 1954 624 2016 auctoritate
653 1954 817 2017 confirmo
842 1954 1031 2016 manerium
1056 1954 1098 2017 de
1116 1953 1245 2017 Leues-

194 2051 286 2130 bam,
302 2071 380 2115 cum
395 2053 553 2115 omnibus
569 2053 635 2116 sibi
654 2055 919 2135 pertinentibus,
928 2053 1100 2130 uidelicet,
1114 2053 1246 2117 Green·

194 2151 270 2228 wic,
297 2152 480 2230 Wulewic,
507 2152 767 2234 Modingeham,
800 2159 905 2234 atque
929 2152 1072 2229 Combe,
1101 2160 1136 2215 et
1167 2173 1246 2216 cum

194 2252 343 2315 uallibus
365 2252 470 2316 etiarn
492 2252 526 2314 in
545 2252 710 2317 Andreda
739 2251 864 2316 eisdem
891 2253 1052 2315 maneriis
1070 2252 1245 2316 adiacent·

194 2351 284 2428 ibae,
308 2352 452 2429 scilicet,
478 2352 659 2429 AEschore,
683 2352 877 2433 AEffehaga,
895 2351 1139 2432 Wingindene,
1164 2352 1247 2415 Sca-

194 2451 354 2529 rendene,
391 2451 614 2529 Sandherste,
649 2460 684 2517 et
721 2473 798 2516 cum
838 2451 1024 2528 aecclesiis
1058 2452 1245 2529 cimiteriis,

194 2550 348 2628 decimis,
375 2552 576 2629 redditibus,
599 2553 634 2615 in
657 2553 788 2634 campis
816 2559 851 2616 et
875 2552 985 2628 siluis,
1011 2552 1046 2613 in
1075 2553 1184 2634 pratis
1212 2561 1247 2616 et

194 2652 346 2734 pascuis,
367 2652 403 2714 in
433 2653 533 2733 aquis
558 2660 592 2715 et
620 2652 815 2734 paludibus,
831 2653 867 2714 in
890 2652 1045 2734 piscariis
1071 2658 1106 2715 et
1135 2653 1247 2734 pisca-

194 2751 359 2827 tionibus,
375 2752 410 2814 in
424 2751 628 2815 molendinis
646 2759 681 2816 et
697 2753 733 2815 in
750 2752 907 2815 omnibus
924 2752 996 2815 suis
1020 2746 1243 2835 appendiciis.

196 2849 382 2915 Praeterea
399 2851 514 2915 addidi
539 2852 616 2915 loco
637 2851 689 2915 illi
704 2853 896 2934 praelibato
913 2852 1003 2915 infra
1020 2851 1246 2930 Londoniam,

195 2958 330 3032 partem
356 2957 467 3016 terrae
492 2951 534 3014 de
557 2958 648 3016 terra
669 2953 741 3029 illa,
764 2952 936 3028 uidelicet,
959 2971 1047 3032 quae
1064 2952 1247 3017 Werman-

195 3050 297 3114 ecber
314 3048 461 3132 Anglice
486 3060 716 3134 nuncupatur,
739 3072 816 3115 curn
839 3051 969 3114 hueruo
997 3051 1106 3115 eidem
1136 3060 1247 3116 terrae

193 3149 392 3232 pertinenti,
416 3159 451 3214 et
477 3170 555 3214 cum
581 3153 737 3215 omnibus
766 3152 1025 3214 rectitudinibus
1048 3158 1083 3213 et
1105 3171 1248 3215 consue·

195 3250 384 3327 tudinibuS,
417 3270 505 3332 quae
544 3252 587 3314 ad
621 3252 716 3315 illam
749 3252 934 3333 pertinent.
1003 3249 1164 3313 Concedo
1197 3253 1246 3313 eis

195 3351 300 3413 etiam
332 3350 367 3412 in
391 3349 548 3414 omnibus
576 3351 676 3415 terris
705 3352 776 3414 suis
799 3349 1081 3432 praenominatis,
1104 3368 1247 3412 consue-

195 3449 333 3514 tudines
364 3447 420 3512 hic
447 3448 595 3531 Anglice
622 3451 781 3533 scriptas,
811 3450 942 3514 scilicet
970 3447 1247 3528 infangenebeof,

196 3549 417 3630 mondbruee,
449 3549 717 3631 miscbenninge,
751 3549 898 3625 ualeaw,
937 3548 1103 3624 ferdwite,
1137 3567 1246 3612 wear-

196 3647 289 3724 wite,
306 3648 482 3725 blodwite,
498 3648 713 3732 bleastynge,
732 3649 933 3730 seea'winge,
959 3647 1153 3722 hamsocne,
1179 3648 1246 3710 sor-

197 3748 289 3823 stall,
308 3747 464 3832 aliasque
488 3768 606 3811 omnes
629 3749 723 3830 leges
747 3755 782 3812 et
804 3748 1068 3812 consuetudines
1088 3766 1176 3828 quae
1201 3748 1246 3810 ad

197 3867 253 3911 me
278 3849 460 3929 pertinent.
513 3848 653 3913 Donaui
678 3849 781 3911 etiam
801 3847 976 3911 Richardo
994 3846 1156 3928 religioso
1183 3849 1245 3911 ab·

196 3947 271 4011 bati
296 3954 332 4011 et
358 3949 516 4011 omnibus
541 3946 666 4012 futuris
688 3954 767 4028 post
791 3967 880 4022 eum,
903 3947 1027 4010 ibidem
1051 3947 1246 4024 abbatibuS,

196 4053 233 4110 et
261 4046 425 4110 fratribus
459 4047 611 4110 eiusdem
642 4047 720 4123 loci,
756 4047 792 4108 in
823 4046 914 4109 omni
943 4045 1121 4128 praedicta
1150 4066 1246 4110 mon·

197 4145 317 4210 asterii
347 4147 576 4227 possessione,
608 4164 725 4209 sacam
759 4154 794 4209 et
827 4165 954 4222 socam,
983 4145 1247 4229 theloneumque

247 4261 335 4307 rou.
359 4261 406 4307 ιν.
1059 4262 1080 4305 e
