2902 4890
452 366 624 416 curnrau
650 368 989 417 iucnosaxonrcin.
1187 356 1251 419 119

200 527 298 585 actus
332 522 442 605 pluris
480 522 736 587 calamitatibus
767 526 960 602 conturbet,
994 546 1064 607 quo
1095 545 1158 589 nos
1189 528 1250 608 qui

199 629 348 685 rectores
369 620 545 685 hominum
564 640 587 685 a
613 622 678 687 deo
707 625 887 687 constituti
910 625 1056 687 dicimur
1081 625 1247 689 instinctu

197 738 366 803 supernae
386 720 589 785 elementiae
610 721 711 786 iuxta
733 722 910 786 modulum
925 731 1064 787 nostrae
1080 743 1246 788 censurae

196 820 382 902 prudenter
419 821 629 902 aequitatem
671 820 783 885 ciuilis
823 823 1005 904 exquirere
1044 823 1246 886 studeamus

195 919 372 996 scientiae,
387 924 423 983 et
438 921 624 1001 praecipue
644 938 699 983 res
715 921 991 985 aecclesiasticae
1010 922 1157 1002 denique
1177 924 1246 986 dis·

195 1018 357 1082 cutiendo
378 1024 529 1082 tractare
543 1037 690 1102 eaquae
706 1027 893 1084 cernuntur
906 1021 1034 1084 nostris
1051 1040 1120 1084 non
1134 1040 1247 1103 aequa

195 1118 376 1199 optutibus
399 1118 527 1181 rectius
549 1120 771 1195 constituere,
793 1119 910 1201 sicque
938 1120 1073 1183 sancita
1097 1119 1140 1183 ad
1166 1140 1247 1202 pro—

194 1214 323 1281 fectum
345 1216 562 1280 innocentiae
583 1218 659 1281 siue
683 1218 863 1300 utriusque
888 1219 964 1282 uice
992 1220 1246 1283 corroborando

193 1316 397 1397 gubernare.
450 1315 618 1398 Equidem
645 1317 831 1399 gloriosum
856 1325 909 1381 est
938 1318 1147 1401 nimiumque
1175 1319 1248 1382 lau-

194 1414 310 1479 dabile
331 1414 528 1479 destructas
552 1416 656 1479 aedes
681 1423 879 1479 sauctorum
906 1417 1058 1479 locorum
1086 1417 1130 1480 ad
1158 1417 1246 1482 diui-

194 1532 277 1577 num
293 1513 539 1577 adminiculum
560 1514 806 1596 inposcendum
830 1514 1062 1592 reaedificare,
1079 1535 1247 1599 sacraque

194 1612 322 1677 altaria
335 1613 492 1683 uenustis
510 1613 597 1676 uelis
620 1633 698 1677 cum
718 1614 829 1678 nitore
847 1615 895 1695 pii
919 1615 1034 1678 cordis
1057 1615 1186 1692 uelare,
1210 1623 1246 1680 et

195 1730 475 1796 unamquamque
500 1718 703 1776 nocturnam
731 1714 806 1776 siue
831 1712 987 1777 diurnam
1016 1715 1164 1778 sinaxim
1193 1734 1245 1778 ar-

194 1812 363 1875 meniacis
390 1810 539 1875 modulis
570 1830 742 1876 resonare.
809 1811 1032 1894 Quapropter
1060 1833 1126 1896 ego
1152 1814 1245 1877 Ead-

196 1910 335 1975 wardus
367 1909 423 1973 dei
452 1911 567 1990 gratia
597 1909 791 1992 Anglorum
823 1932 885 1974 rex
915 1912 1059 1976 consilio
1090 1914 1243 1977 imbutus

195 2011 307 2075 honae
324 2008 517 2073 uoluntatis
538 2029 643 2092 quum
665 2011 842 2092 prouisum
865 2019 918 2076 est
944 2012 1038 2087 mihi,
1054 2012 1240 2075 secundum

194 2109 287 2192 quod
310 2108 522 2191 praecipitur
549 2110 586 2173 iu
609 2109 734 2173 dirrinis
759 2109 904 2173 decretis
930 2109 1129 2173 cathedram
1158 2129 1243 2190 pon-

194 2208 356 2273 tificalem
377 2207 591 2272 consolidare
613 2208 771 2273 Exoniae
799 2209 952 2273 ciuitatis
977 2209 1013 2272 in
1030 2211 1240 2273 monasterio

195 2306 289 2372 beati
304 2306 403 2372 Petri
420 2308 653 2389 apostolorum
678 2309 842 2391 principis
857 2307 948 2390 quod
967 2314 1020 2371 est
1036 2308 1140 2371 situm
1155 2309 1247 2372 infra

195 2408 334 2471 moenia
345 2406 497 2471 eiusdem
507 2409 612 2484 urbis
625 2408 833 2471 auctoritate
845 2408 985 2490 superni
998 2408 1088 2488 regis
1100 2427 1245 2489 meaque

195 2524 361 2589 meaeque
374 2506 530 2587 coniugis
541 2507 742 2590 Eadgyaae,
754 2507 994 2570 uniuersorum
1006 2507 1245 2587 episcoporum

195 2606 390 2688 ducumque
421 2624 586 2684 meorum,
609 2626 671 2688 per
701 2606 766 2670 hoc
794 2607 1014 2690 priuilegium
1047 2609 1245 2671 testamenti

196 2712 302 2788 atque
342 2706 537 2768 cautionem
573 2706 779 2788 cyrographi
814 2707 849 2768 in
887 2712 1055 2789 perpetuo
1091 2713 1245 2790 tempore

196 2805 386 2869 constituto
402 2803 608 2882 Leofrioum,
625 2813 664 2868 ut
678 2806 724 2868 sit
738 2805 785 2868 ibi
802 2804 971 2887 pontifex,
990 2813 1025 2869 et
1048 2813 1127 2887 post
1147 2807 1244 2870 ilium

196 2904 325 2968 caeteri
343 2902 483 2968 affuturi
504 2904 548 2967 ad
567 2904 704 2968 laudem
728 2911 763 2968 et
790 2904 936 2984 gloriam
961 2911 1103 2968 sanctae
1127 2914 1162 2969 et
1189 2908 1241 2970 in-

195 3003 358 3067 diuiduas
382 3003 560 3080 trinitatis,
584 3004 706 3086 patriS,
731 3010 766 3067 et
793 3004 867 3080 filii,
892 3011 927 3068 et
948 3005 1090 3087 spiritus
1120 3008 1244 3083 sancti,

196 3109 231 3166 et
248 3103 292 3166 ad
310 3101 472 3166 honorem
487 3104 600 3167 sancti
623 3103 720 3166 Petri
743 3105 902 3185 apostoli.
926 3104 1029 3167 Dono
1045 3104 1148 3167 etiam
1164 3124 1243 3186 pos-

193 3202 365 3266 sessiones
387 3221 506 3265 omues
529 3202 573 3265 ad
597 3202 742 3265 eundem
764 3203 877 3266 locum
903 3203 1114 3283 pertinentes
1139 3222 1242 3282 quae·
1364 3256 1367 3262 .

197 3320 344 3384 cumque
360 3301 442 3378 sint,
460 3307 531 3364 tam
554 3302 590 3365 iu
610 3303 756 3378 ruribus,
775 3321 878 3385 quam
899 3302 933 3363 in
957 3300 1105 3382 pascuiS,
1123 3303 1245 3382 pratiS,

197 3401 307 3478 siluis,
337 3401 449 3483 aquis,
477 3400 604 3480 liberis,
633 3402 752 3477 seruis,
776 3401 923 3476 ancillis,
953 3400 1100 3480 legibus,
1129 3419 1243 3478 censu,

196 3501 309 3583 pagiS,
327 3499 393 3564 deo
414 3507 604 3583 sanctoque
620 3501 726 3564 Petro
748 3499 980 3582 fratribusque
1000 3498 1174 3563 canonicis
1198 3501 1246 3564 ibi

195 3599 442 3663 famulantibus
467 3610 507 3664 ut
534 3600 683 3664 habeant
707 3599 835 3681 iugiter
860 3599 1048 3663 subsidium
1080 3599 1246 3662 hubesum

195 3700 350 3781 corporis
379 3718 448 3780 quo
472 3699 614 3764 ualeant
637 3699 776 3764 Christo
800 3698 948 3763 militare
975 3700 1047 3762 sine
1071 3698 1143 3762 ulla
1173 3718 1246 3763 mo-

196 3798 297 3863 lestia
321 3799 438 3862 animi.
496 3798 577 3863 Hoc
603 3806 720 3863 tamen
744 3806 863 3862 notum
896 3816 1008 3880 papae
1039 3797 1178 3862 domino
1208 3799 1244 3862 in

196 3898 315 3981 primis
350 3897 459 3961 Leoni
489 3898 578 3962 facio
610 3899 786 3981 ipsiusque
815 3899 1038 3962 attestatione
1069 3896 1246 3976 confirmo,

195 3998 426 4080 deincepsque
441 3998 574 4061 cunctis
594 3996 788 4079 Anglorum
811 3998 1032 4078 magnatibus
1053 3996 1144 4078 quod
1163 3998 1246 4063 Cor-

196 4098 394 4162 uubiensem
410 4096 584 4176 diocesim,
603 4117 693 4180 quae
711 4097 791 4160 olim
816 4097 851 4159 in
873 4097 964 4160 beati
988 4094 1152 4160 Germani
1175 4119 1245 4162 mc-
