2902 4890
460 374 641 432 ounnrnn
664 379 1005 428 Anonosnxoruona.
1207 359 1251 424 89

194 535 351 601 uocando
368 546 575 615 ammonent,
595 546 635 603 ut
660 559 702 604 ea
723 545 799 603 toto
816 538 941 602 mentis
963 537 1141 603 conamine
1164 557 1242 600 cum

192 638 336 704 ¹casibus
364 638 436 701 suis
459 637 677 721 despiciendo
700 639 914 714 abiiciamus
935 645 970 702 et
991 638 1129 720 penitus
1153 637 1251 701 uelut

195 736 411 801 fastidiosam
441 738 663 802 melancoliae
688 739 847 802 nausiam
880 738 1108 802 abominando
1139 736 1251 829 fugia-

196 855 288 914 mus,
306 843 341 900 et
358 835 541 918 diligenter
559 839 602 902 ad
620 839 706 903 illud
726 837 943 902 attendamus
967 837 1058 920 quod
1081 837 1249 920 praecipit

196 954 311 1000 sermo
345 937 577 1017 euangelicuS,
606 937 657 1002 ita
685 938 855 1020 inquiens,
891 937 1012 1001 ‘Date
1041 945 1076 1001 et
1109 937 1248 999 dabitur

197 1036 298 1098 nobis
311 1034 332 1115 ;'
353 1036 435 1099 'nere
454 1037 545 1101 sicut
567 1037 706 1121 quidam
723 1037 806 1101 dicit
824 1037 960 1119 sapiens
983 1041 993 1071 ‘
1013 1035 1171 1100 Hilarem
1190 1036 1251 1100 da·

198 1143 309 1199 torem
331 1135 445 1217 diligit
464 1133 571 1200 deus?
623 1136 704 1201 Hac
731 1155 814 1217 ergo
836 1136 980 1201 salutari
1009 1136 1252 1213 ammonitione

198 1235 361 1301 adtactus
379 1255 445 1317 ego
455 1236 669 1301 Eadwardus
687 1243 857 1300 annuente
871 1231 1019 1318 superna
1035 1236 1094 1299 dei
1105 1236 1249 1300 elemen-
1338 1257 1340 1261 ⁴

200 1334 251 1403 tia
272 1355 335 1398 rex
353 1336 464 1399 tocius
480 1333 649 1418 Anglicae
670 1336 832 1412 nationiS,
849 1335 952 1399 huius
969 1336 1099 1400 saeculi
1122 1336 1253 1400 caduca

200 1454 264 1516 pro
287 1434 415 1499 nichilo
441 1436 578 1512 ducens,
608 1435 669 1500 sed
695 1456 772 1500 cum
805 1436 1012 1517 transitoriis
1035 1436 1254 1499 aeternaliter

200 1553 427 1616 permansura
451 1535 596 1618 adipisci
619 1537 771 1619 cupiens,
795 1534 977 1616 fugitiuum
1002 1542 1037 1598 et
1054 1535 1127 1599 sine
1148 1536 1252 1600 dubio

200 1634 435 1699 transitoriam
473 1635 555 1699 dare
592 1655 661 1699 non
700 1635 819 1699 differo
856 1636 1179 1717 possessiunculam,
1213 1643 1251 1700 ut

194 1732 329 1816 iugiter
357 1753 553 1798 mansuram
581 1734 617 1801 in
643 1755 749 1817 regno
771 1734 901 1799 Christi
928 1742 963 1799 et
995 1735 1049 1798 dei
1070 1735 1250 1818 recipiam.

200 1832 353 1899 Proinde
375 1835 532 1898 omnibus
555 1835 746 1912 innotesco,
763 1855 817 1898 me
839 1854 928 1898 nunc
951 1835 1102 1918 aliquam
1121 1835 1252 1899 telluris

192 1941 336 2016 partem
361 1941 507 1998 ouanter
531 1933 666 1999 dedisse
696 1942 817 1999 sancto
847 1934 953 1998 Petro
979 1941 1014 1998 et
1035 1935 1252 2017 co-apostolo

199 2035 275 2098 eius
306 2031 430 2110 Paulo,
464 2041 505 2098 ut
538 2041 759 2117 peccatorum
794 2054 947 2098 meorum
977 2035 1178 2116 magnitudo
1207 2054 1251 2097 ex

199 2139 299 2215 parte
322 2133 531 2198 releuetura
553 2133 691 2197 domino
715 2133 820 2197 Ihesu
843 2133 994 2210 Christo,
1017 2135 1076 2215 qui
1094 2141 1147 2196 est
1161 2147 1253 2198 ‘uera

194 2240 237 2304 ,et
269 2239 438 2314 exoptata
471 2231 622 2307 omnium
653 2241 871 2317 peccatorum
906 2234 1072 2296 remissio.
1134 2232 1252 2297 Huius

201 2332 286 2414 erlgo
309 2332 443 2396 telluris
472 2333 679 2396 uocabulum
705 2333 926 2415 Pipmynster
957 2339 1011 2395 cst
1041 2332 1251 2414 appellatum

201 2432 332 2515 illaque
366 2439 460 2497 terra
488 2433 679 2515 quindecim
711 2452 906 2496 mansarum
939 2432 1062 2495 retinet
1093 2433 1253 2515 amplitu-

200 2531 329 2608 dinem,
345 2551 450 2614 quam
472 2533 577 2602 etiam
597 2533 688 2596 sicut
707 2532 887 2616 supradixi
907 2531 951 2594 ad
970 2532 1157 2596 Uetustum
1175 2532 1254 2595 dedi

204 2632 449 2696 monasterium
472 2633 564 2714 quod
590 2633 625 2696 in
649 2633 791 2696 ciuitate
807 2632 988 2697 Wintonia
1009 2639 1062 2696 est
1085 2632 1201 2708 situm,
1219 2640 1253 2697 et

201 2730 239 2795 in
272 2730 402 2796 honore
440 2731 716 2813 supradictorum
745 2732 979 2816 apostolorum
1005 2729 1254 2810 consecratum,

203 2850 267 2914 pro
290 2850 387 2894 meae
410 2833 544 2895 animae
571 2833 684 2896 salute
710 2839 745 2896 et
772 2840 953 2914 parentum
983 2852 1147 2896 meorum.
1200 2833 1253 2897 Sit

203 2938 321 2995 autem
334 2931 512 3014 praedicta
529 2939 621 2996 terra
632 2934 675 2995 ab
689 2932 781 2995 omni
793 2931 958 2995 mundiali
975 2933 1117 2996 seruitio
1131 2932 1251 3010 libera,

203 3050 281 3095 cum
311 3031 449 3112 pascuis
475 3039 510 3095 et
536 3033 658 3114 pratis,
686 3033 919 3113 siluarumque
949 3032 1189 3109 densitatibus,
1218 3040 1253 3096 et

202 3150 281 3195 cum
304 3130 462 3194 omnibus
489 3131 567 3195 aliis
587 3133 631 3195 ad
654 3152 691 3195 se
718 3131 784 3195 rite
809 3131 1070 3213 pertinentibus
1099 3133 1254 3213 exceptis

202 3230 256 3295 his
279 3231 400 3306 tribus,
424 3232 656 3295 communium
678 3231 868 3295 utilitatum
891 3231 1166 3307 necessitatibus
1188 3231 1253 3295 hoc

203 3338 269 3407 est,
293 3331 381 3393 arcis
399 3333 671 3412 recuperatione,
692 3331 748 3395 uel
768 3330 884 3413 pontis
908 3329 1171 3406 restauratione,
1192 3349 1253 3393 sen

204 3429 422 3511 expeditione
452 3431 487 3492 in
509 3431 626 3495 hostes
661 3429 805 3514 patriae.
850 3428 886 3492 Si
910 3430 986 3511 quis
1010 3436 1138 3505 autern,
1161 3431 1253 3512 quod

204 3530 313 3605 absit,
338 3528 508 3593 diabolico
533 3530 673 3594 inflatus
699 3531 824 3612 spiritu
852 3529 938 3592 hano
964 3548 1060 3591 meae
1085 3531 1255 3610 composi-

204 3628 308 3693 tionis
336 3647 377 3691 ac
400 3629 670 3693 confirmationis
692 3630 868 3693 scedulam
894 3630 1029 3692 demere
1051 3628 1108 3691 uel
1133 3628 1254 3691 infrin-

199 3748 285 3810 gere
314 3730 549 3810 temptauerit,
578 3735 614 3792 et
652 3737 779 3792 terram
810 3729 1084 3811 supradictorum
1116 3736 1256 3810 aposto·

203 3828 315 3893 lorum
333 3848 395 3909 per
410 3829 610 3892 uiolentiam
625 3828 691 3891 sibi
709 3847 875 3911 usurpare
897 3828 1179 3910 praesumpserit,
1200 3847 1254 3891 se-

204 3935 368 4011 gregetur
393 3946 415 3990 a
443 3927 498 3990 dei
529 3929 702 3992 consortio
734 3935 769 3992 et
804 3928 1068 4010 participatione
1102 3928 1254 3991 omnium

205 4035 402 4093 sanctorum
428 4027 464 4089 in
486 4027 550 4091 hoc
573 4036 693 4092 sancto
716 4029 922 4091 monasterio
955 4026 1255 4108 requiescentium,

204 4135 238 4193 et
262 4134 404 4195 aeterna
427 4126 626 4192 confusione
651 4129 813 4191 edacibus
837 4135 1085 4191 tormentorum
1109 4127 1256 4192 flammis
1350 4125 1353 4131 ’
