2902 4890
459 367 631 416 6611111111
654 367 993 419 116666116111616.
1185 355 1251 418 249

193 545 256 590 seu
284 526 321 589 in
348 526 494 590 concilio
520 527 579 591 ubi
604 527 783 609 praedicta
809 528 952 593 libertas
974 530 1020 593 sit
1042 536 1177 594 mutata
1193 530 1250 594 uel

190 625 434 704 adnichillata,
455 645 559 711 quarn
587 634 824 692 antecessores
844 628 954 693 nostri
982 636 1017 694 et
1043 649 1107 693 nos
1128 636 1250 694 sancto

195 725 401 790 Eadmundo
424 733 459 791 et
478 728 687 792 monasterio
709 747 774 792 suo
799 729 1042 795 concessimus.
1094 729 1197 809 Quod
1220 731 1250 793 si

195 826 322 909 aliquis
339 825 442 891 fuerit
457 828 508 892 ita
523 847 673 892 uesanus
688 847 751 910 per
766 829 991 894 incitamenta
1013 829 1141 894 diaboli
1157 830 1248 913 quod

195 926 281 989 uelit
303 925 392 990 hanc
413 926 608 992 libertatem
631 936 766 993 mutare
792 930 867 992 siue
886 930 923 993 in
941 930 1058 1013 aliquo
1083 929 1248 994 adnichil-

194 1025 268 1089 lare
285 1026 343 1089 uel
365 1027 556 1109 deprauare
585 1029 632 1093 sit
654 1028 713 1092 1116
735 1029 1046 1094 anathematizatus
1073 1038 1108 1094 et
1130 1030 1166 1094 in
1191 1051 1249 1113 ge-

194 1124 343 1190 hennam
358 1127 448 1208 ignis
466 1128 643 1192 demersus
658 1128 724 1192 nisi
741 1128 777 1193 in
792 1129 867 1195 uita
881 1150 945 1194 sua
963 1129 1156 1213 resipuerit.

643 1324 765 1336 —n—

606 1442 843 1509 Dccccxl.

573 1561 874 1658 6161161116.

260 1725 299 1805 ›1‹
332 1724 409 1789 Eoo
441 1725 654 1790 Eadwardus
684 1746 747 1790 rex
777 1725 959 1791 manifesto
989 1727 1025 1790 in
1054 1727 1121 1792 isto
1152 1729 1249 1793 breui

195 1825 354 1889 omnihus
380 1825 435 1889 dei
462 1826 581 1891 amicis
607 1845 685 1891 cum
713 1827 909 1890 testimonio
934 1826 1073 1908 Liuingi
1096 1828 1248 1910 episcopi

195 1925 288 2007 quod
307 1925 485 2012 Leofricus
502 1945 618 1991 comes
640 1925 745 1990 habet
761 1926 924 1991 donatam
943 1926 1037 1990 illam
1058 1934 1185 1990 terram
1206 1927 1247 1991 de

196 2023 377 2089 Heamtun
396 2026 432 2089 in
448 2027 658 2090 monasterio
676 2026 717 2089 de
736 2026 944 2103 Eouesham,
961 2033 996 2090 et
1018 2045 1083 2107 ego
1106 2026 1186 2091 uolo
1209 2034 1248 2091 ut

195 2123 255 2188 illa
274 2132 367 2190 terra
392 2126 504 2191 iaceat
529 2128 565 2191 in
588 2126 649 2191 illo
671 2127 892 2205 monasterio,
908 2126 973 2190 hoc
996 2133 1078 2190 sunt
1095 2127 1247 2210 quinque

198 2223 310 2306 hydae
334 2233 405 2291 tam
429 2227 530 2310 plene
545 2235 580 2292 et
598 2233 671 2291 tam
686 2227 782 2291 firme
803 2227 893 2291 sicut
915 2226 1033 2309 aliqua
1051 2233 1143 2290 terra
1158 2247 1247 2310 quae

195 2324 317 2389 melius
332 2326 424 2391 iacet
438 2327 473 2390 in
491 2327 552 2392 illo
569 2329 788 2392 monasterio.
826 2327 901 2408 Ego
912 2327 994 2392 uolo
1012 2326 1115 2390 etiam
1133 2333 1172 2391 ut
1189 2327 1247 2391 ille

196 2432 337 2490 sanctus
367 2427 464 2492 locus
488 2427 548 2510 qui
583 2427 643 2490 diu
671 2428 770 2492 stetit
799 2427 956 2491 desertus
989 2427 1116 2491 haheat
1148 2444 1245 2491 suam

195 2524 389 2590 libertatem
406 2527 510 2592 sicuti
522 2528 644 2591 melius
660 2534 695 2591 et
712 2527 847 2610 plenius
862 2527 995 2591 hahuit.

591 2825 849 2892 uococxu.

572 2946 873 3042 uinwunnu.

251 3127 357 3209 »14111
382 3125 671 3190 1166116611οωί111
698 3125 808 3190 nostri
833 3124 938 3189 Ihesu
962 3123 1114 3190 Christi!
1170 3126 1246 3208 Ego

197 3227 411 3292 Eadwardus
445 3246 506 3290 rex
535 3245 611 3290 sum
646 3227 744 3290 testis
770 3224 860 3308 quod
894 3224 1042 3307 Mannig
1075 3226 1181 3289 abhas
1212 3233 1247 3289 et

198 3327 388 3393 AE'uelwius
416 3327 605 3390 monachus
637 3333 794 3390 emerunt
826 3326 870 3390 ab
901 3323 1083 3389 Eammero
1121 3330 1247 3388 terram

196 3448 286 3510 quae
314 3428 357 3492 ab
387 3426 509 3490 incolis
532 3427 708 3491 uocitatur
731 3425 918 3502 Eunelade,
941 3432 976 3490 et
1001 3445 1067 3506 ego
1098 3425 1248 3490 concedo

197 3548 242 3591 ex
257 3547 336 3591 mea
352 3534 452 3610 parte
473 3534 513 3590 ut
530 3546 665 3608 semper
681 3527 726 3589 sit
747 3525 790 3589 ad
813 3545 965 3589 mensam
982 3524 1156 3589 fratribus.
1203 3524 1248 3589 Et

197 3628 228 3691 si
243 3627 369 3711 aliquis
389 3626 482 3692 foras
505 3627 648 3704 miserit,
666 3626 751 3689 deus
778 3627 894 3690 mittat
909 3645 986 3690 eum
1007 3624 1099 3690 foras
1115 3623 1164 3688 'de
1181 3624 1248 3689 Pa-

70 3751 72 3759 ’
197 3728 324 3792 radiso.
383 3726 451 3791 His
496 3728 642 3792 testibus
681 3727 973 3790 consentientibus
1009 3744 1154 3808 quornm
1194 3724 1249 3788 hic

195 3827 339 3892 inferius
357 3828 497 3893 nomina
518 3826 696 3891 carraxari
712 3826 883 3891 uidentur.

253 3930 292 4010 ›1‹
316 3928 392 4010 Ego
414 3927 628 3992 Eadwardus
652 3946 714 3990 rex
731 3926 924 4008 Anglorum
948 3925 1146 4007 subscripsi.
1203 3926 1243 4006 ›1‹

199 4030 275 4111 Ego
306 4027 478 4092 Eadsinus
503 4027 775 4092 Dorobcrnensis
800 4024 985 4090 aecclesiae
1015 4024 1249 4106 archipraesul

197 4129 365 4194 consensi.
437 4129 477 4209 >1⁴
508 4128 584 4210 Ego
607 4127 772 4191 AElfricus
800 4126 1028 4191 Eboracensis
1062 4124 1249 4190 aecclesiae
