2902 4890
266 367 332 431 258
524 379 696 428 cannula
720 376 1063 424 anctosnxonrona.

271 551 304 606 et
340 551 460 606 sancto
490 539 678 603 Benedicto
696 539 894 602 'Ramesiae
915 546 1054 602 -terram
1086 544 1240 602 nostram
1280 538 1323 601 de

273 644 394 707 Acleia
428 642 465 706 in
498 647 699 724 perpetuam
736 640 989 722 eleemosynam
1027 658 1090 722 pro
1129 639 1256 702 nostris
1290 647 1326 703 et

270 751 476 827 patrumque
493 755 709 824 matrumque
730 747 928 804 'nostrarum
953 745 989 803 et
1005 739 1222 822 filiorumque
1244 759 1325 804 nos·

272 853 404 908 trorum
424 844 614 907 animabus,
667 840 789 905 Talem
818 849 933 905 autem
953 837 1216 904 conuentionem
1244 840 1324 905 feci-

272 965 349 1009 mus
375 963 452 1007 cum
470 942 634 1007 AElfwino
662 943 786 1005 abbate
818 949 853 1006 et
879 948 1052 1005 conuentu
1075 942 1260 1006 Ramesiae
1282 941 1325 1004 de

273 1045 392 1109 eadem
417 1045 614 1107 donatione.
668 1042 745 1106 Nos
769 1042 906 1124 quidem
931 1042 967 1104 in
997 1042 1071 1106 uita
1098 1049 1218 1106 nostra
1243 1061 1324 1106 ean·

274 1146 351 1209 dem
380 1152 506 1208 terram
530 1145 667 1208 nomine
690 1142 877 1207 aecclesiae
900 1143 1103 1219 tenebimus
1122 1141 1182 1206 sed
1205 1149 1327 1207 neuter

274 1253 428 1309 nostrum
451 1246 579 1326 poterit
595 1243 667 1307 ulla
692 1243 825 1307 ratione
853 1263 928 1307 eam
957 1242 1039 1306 alibi
1068 1243 1150 1307 dare
1172 1243 1229 1307 uel
1254 1243 1324 1306 dis·

275 1345 423 1422 trahere,
443 1345 499 1407 uel
525 1345 698 1426 ingenium
721 1363 885 1426 quaerere
910 1363 970 1425 per
987 1344 1078 1426 quod
1101 1362 1123 1407 a
1149 1343 1325 1425 praefatae

275 1446 462 1509 aecclesiae
490 1445 641 1509 dominio
673 1445 852 1521 alienetur,
877 1443 938 1507 sed
964 1451 1211 1527 postmortem
1240 1445 1326 1508 utri·

277 1566 397 1629 usque,
408 1564 518 1609 meam
536 1546 667 1610 scilicet
685 1552 720 1609 et
735 1565 831 1608 meae
848 1543 979 1621 uxoris,
997 1552 1072 1609 tota
1090 1545 1191 1608 simul
1209 1545 1328 1627 quieta

276 1655 311 1711 et
328 1648 372 1710 ab
387 1647 480 1710 omni
501 1645 696 1728 calumpnia
713 1645 821 1710 libera
842 1646 878 1708 in
898 1664 1036 1709 manum
1054 1646 1190 1710 abbatis
1208 1652 1243 1709 et
1256 1645 1327 1711 sra-

276 1756 367 1811 trum
391 1747 563 1811 transibit.
625 1746 714 1810 Cum
737 1753 852 1809 autem
874 1746 909 1809 in
927 1746 1077 1811 dominio
1104 1765 1180 1810 eam
1199 1746 1328 1809 babue-

277 1850 358 1924 rint,
374 1847 461 1911 duas
477 1847 583 1910 libras
606 1846 753 1928 singulis
768 1846 868 1910 annis
880 1847 1056 1911 AEbelrioo
1074 1846 1240 1910 monacho
1257 1847 1328 1911 filio

277 1956 395 2012 nostro
416 1946 497 2012 inde
525 1947 568 2010 ad
590 1947 755 2012 uestitum
778 1949 1024 2028 procurabunt,
1051 1949 1213 2030 quatinus
1237 1947 1327 2011 idem

279 2047 471 2112 AEdelrious
492 2047 594 2111 huius
617 2039 776 2129 respectu
795 2047 950 2111 beneficii
971 2047 1109 2111 humilis
1130 2055 1164 2112 et
1180 2047 1327 2111 deuotus

278 2150 343 2214 deo
373 2150 430 2226 sit,
454 2148 572 2212 abbati
598 2167 736 2231 quoque
764 2155 799 2210 et
827 2147 991 2211 fratribus
1022 2148 1094 2212 suis
1126 2148 1328 2215 tractabilis.

280 2249 352 2328 Qui
366 2251 395 2312 si
410 2248 499 2312 forte
521 2247 676 2311 habitum
694 2267 794 2310 suum
818 2256 853 2311 et
871 2248 1116 2312 monasterium
1133 2248 1329 2331 relinquens

279 2349 406 2415 reuerti
428 2348 588 2425 uoluerit,
606 2347 690 2410 nibil
715 2349 854 2411 omnino
881 2347 960 2411 inde
984 2348 1130 2411 ulterius
1151 2349 1330 2431 percipiat.

281 2450 523 2514 Concessimus
541 2455 655 2512 autem
674 2446 851 2513 Leofwino
868 2447 997 2511 bomini
1020 2456 1139 2512 nostro
1155 2448 1327 2530 uirgatam

280 2559 392 2615 terrae
418 2551 454 2613 in
481 2570 551 2633 qua
574 2567 731 2612 mansum
757 2568 857 2611 suum
878 2548 983 2612 habet
1003 2548 1040 2612 in
1065 2550 1136 2612 uita
1162 2568 1226 2613 sua
1252 2551 1329 2633 qui-

279 2659 395 2724 etam;
434 2657 514 2732 post
550 2650 726 2713 decessum
759 2669 842 2713 nero
876 2649 986 2731 ipsius
1014 2650 1051 2713 in
1079 2651 1331 2731 possessionem

281 2750 469 2814 aecclesiae
494 2749 596 2813 simul
619 2769 697 2812 cum
724 2749 903 2831 principali
934 2757 1033 2831 parte
1059 2748 1198 2837 redibit3
1231 2750 1331 2815 dimi-

280 2851 372 2913 diam
399 2869 482 2913 uero
510 2858 644 2931 partem
672 2849 847 2913 bominum
876 2850 935 2931 qui
961 2851 994 2913 in
1024 2859 1214 2914 memorata
1240 2858 1333 2916 terra

281 2953 344 3014 sub
368 2949 535 3013 seruitute
562 2949 693 3030 degunt
707 2949 867 3014 libertate
884 2949 1098 3014 donauimus.
1150 2951 1332 3033 Rogamus

281 3070 364 3132 ergo
386 3057 422 3114 et
444 3051 663 3114 obsecramus
689 3069 751 3132 per
772 3049 827 3114 dei
851 3050 1002 3114 terribile
1021 3070 1145 3115 nomen
1160 3059 1200 3115 ut
1216 3053 1332 3117 nullus

282 3152 421 3214 omnino
436 3151 525 3215 banc
543 3157 668 3215 terram
684 3150 789 3215 donet
806 3152 862 3215 uel
877 3150 1006 3216 uendat
1022 3151 1078 3216 uel
1095 3152 1212 3235 aliquo
1229 3154 1332 3218 modo

283 3254 327 3315 ab
344 3252 463 3314 eadem
481 3251 649 3315 aecclesia
674 3251 811 3318 alienet.
863 3251 966 3330 Quod
988 3252 1018 3315 si
1041 3253 1118 3335 quis
1139 3253 1270 3331 fecerit,
1287 3255 1333 3318 sit

282 3352 340 3415 ille
359 3351 562 3416 maledictus
580 3358 615 3415 et
636 3352 806 3416 alienatus
823 3352 872 3416 ab
895 3353 988 3416 omni
1004 3353 1215 3418 beatitudine
1232 3373 1333 3437 prae·

283 3453 391 3516 sentis
411 3454 504 3516 uitae
532 3459 567 3516 et
592 3451 741 3530 suturae,
762 3453 876 3535 sitque
902 3453 977 3523 eius
1005 3455 1229 3519 commoratio
1255 3475 1333 3519 cum

283 3539 506 3616 daemonibus
536 3553 571 3615 in
597 3552 742 3630 inferno,
770 3555 830 3617 ubi
856 3553 946 3635 ignis
976 3544 1094 3618 eornm
1119 3575 1189 3625 non
1218 3556 1332 3620 extin-
1384 3593 1393 3604 ι

282 3653 402 3732 guitur
418 3660 453 3716 et
468 3651 594 3716 uermis
612 3672 728 3716 eorum
750 3673 818 3717 non
835 3655 1009 3718 morietur.
