2902 4890
392 390 564 439 cunarun
586 391 929 440 uuonosuxomcan.
1121 376 1186 439 153

134 561 177 612 .v.
200 548 330 612 mansis
357 558 404 614 aet
431 549 593 628 Esshere,
627 558 663 614 et
691 569 768 614 cum
787 568 831 615 .ν.
846 549 975 614 mansis
1003 557 1050 614 aet
1076 550 1184 632 AEpse

131 661 184 710 .Χ,
199 666 339 713 mansas
363 658 410 715 act
435 649 633 714 Clenedune
656 657 691 715 et
717 651 754 713 in
778 649 889 714 altera
914 648 1111 714 Clenedune
1133 666 1184 714 .11.

131 765 269 811 mansas
294 769 382 832 quas
397 749 608 815 Wluuoldus
640 751 747 814 abbas
779 752 916 814 emebat
949 750 992 813 ab
1026 748 1185 814 Haroldo

131 848 255 911 comite
287 867 366 912 cum
396 849 531 915 duobus
563 852 687 914 marcis
723 849 798 914 auri
829 857 910 914 ante
937 849 1185 915 Eaduuardum

132 965 247 1027 regem
266 965 346 1015 .1111.
363 969 500 1014 mansas
523 957 558 1014 et
575 950 762 1014 Ealdeburi
781 966 841 1014 .v1.
860 969 998 1014 mansas
1024 956 1060 1014 at
1085 949 1185 1014 Hen-

131 1044 186 1110 lea
205 1064 257 1111 .x.
276 1068 415 1114 mansas
440 1059 478 1115 at
493 1050 775 1116 Waltbam.vu1.
800 1069 941 1113 mansas
968 1058 1014 1114 aet
1040 1049 1186 1114 Bifleote

132 1165 208 1209 cum
225 1147 442 1233 Weybrigga
464 1167 515 1216 ur.
539 1168 678 1214 mansas
706 1156 742 1213 et
767 1149 931 1214 Laelbam
959 1168 1045 1232 quas
1079 1151 1187 1214 abbas

132 1245 341 1314 Wluuoldus
358 1252 494 1314 emebat
506 1251 551 1313 ab
566 1250 773 1314 Eaduuardo
787 1270 869 1332 rege
885 1269 963 1313 cum
978 1267 1052 1313 .xv.
1064 1251 1188 1314 marcis

135 1348 288 1428 argenti.
306 1356 341 1413 et
360 1366 397 1413 .1.
414 1369 568 1414 mansam
591 1358 638 1414 aet
656 1349 820 1414 Exforde.
864 1349 968 1413 Hanc
986 1370 1069 1431 ergo
1085 1350 1187 1414 liber·

134 1452 242 1511 tatem
266 1468 330 1531 pro
347 1450 512 1532 petitione
535 1459 570 1514 et
592 1450 837 1514 ammonitione
860 1469 1014 1513 meorum
1041 1451 1188 1532 optima·

134 1553 206 1610 tum
223 1568 301 1611 mco
316 1549 538 1614 dilectissimo
562 1550 679 1614 abbati
696 1549 885 1614 Wluuoldo
902 1550 961 1631 qui
980 1558 1061 1614 tunc
1080 1558 1187 1633 temp-

134 1648 203 1711 oris
225 1648 335 1712 eidem
358 1651 567 1714 monasterio
591 1649 742 1733 praefuit
763 1648 964 1732 cunctisque
993 1669 1187 1714 successor-

135 1747 210 1811 ibus
227 1749 299 1811 suis
319 1749 480 1830 placabili
509 1751 633 1815 mentis
656 1750 840 1813 deuotione
868 1750 1011 1826 dictare,
1027 1751 1188 1828 scribere,

134 1848 386 1928 commendare,
398 1850 592 1932 procuraui.
645 1851 726 1913 Hoc
749 1869 832 1913 uero
857 1850 1031 1914 decretum
1054 1870 1075 1913 a
1091 1853 1189 1914 nobis

136 1947 281 2012 libenter
308 1969 508 2014 concessum
536 1950 652 2015 taliter
675 1949 870 2013 confirmari
903 1958 937 2014 et
971 1952 1102 2014 seruari
1131 1951 1190 2014 de-

136 2049 317 2124 aerumna,
338 2057 377 2113 ut
400 2057 472 2114 tam
497 2050 608 2128 nobis,
625 2051 700 2114 uita
725 2051 861 2126 comite,
885 2051 1039 2131 propicia
1066 2051 1190 2113 diuini-

137 2154 208 2211 tate
234 2149 332 2229 regni
356 2150 589 2232 gubernacula
611 2151 810 2232 regentibus
837 2168 940 2231 quam
965 2148 1090 2212 futuris
1117 2169 1191 2213 suc-

136 2249 330 2312 cessoribus
371 2249 594 2314 haereditatis
637 2250 711 2313 iure
753 2249 918 2330 regnandi
957 2248 1191 2313 monarchiam

138 2349 334 2413 tenentibus
365 2350 606 2414 inextricabile
632 2350 710 2431 lege
737 2348 881 2412 firmiter
912 2351 1101 2412 roboretur.
1155 2350 1192 2412 Si

137 2448 229 2531 quis·
244 2468 327 2512 uero
351 2449 440 2514 banc
463 2450 658 2514 libertatem
686 2469 813 2530 augere
838 2449 998 2526 uoluerit,
1019 2448 1191 2530 adaugeat

138 2549 354 2630 omnipotens
369 2549 454 2613 deus
471 2551 537 2614 sibi
553 2550 758 2630 longaeuam
775 2550 811 2612 in
829 2549 893 2612 hoc
914 2548 1054 2612 saeculo
1070 2550 1190 2626 ultam,

137 2656 172 2711 et
187 2657 267 2730 post
282 2649 383 2713 linem
405 2651 506 2713 istius
526 2651 620 2714 uitae
640 2649 799 2713 coelestis
817 2649 915 2729 regni
932 2649 1191 2714 iocunditatem.

138 2747 174 2811 Si
205 2749 283 2830 quis
309 2769 404 2826 uero,
425 2751 517 2832 quod
544 2769 615 2813 non
643 2755 815 2831 optamus,
832 2748 933 2811 buius
961 2749 1089 2814 decreti
1112 2770 1192 2833 syn-

138 2847 306 2929 grapham
331 2849 518 2932 infringere
547 2849 781 2931 temptauerit,
809 2855 870 2912 aut
903 2849 1004 2912 aliter
1035 2869 1138 2931 quam
1172 2870 1193 2914 a

140 2949 238 3012 nobis
264 2956 431 3013 statutum
462 2957 515 3013 est
537 2957 671 3012 mutare
694 2949 877 3023 studuerit,
903 2950 949 3012 sit
973 2969 995 3013 a
1021 2951 1193 3015 consortio

140 3047 268 3112 Christi
296 3048 482 3113 aecclesiae
507 3055 541 3113 et
567 3068 589 3112 a
620 3047 765 3129 collegio
783 3056 981 3112 sanctorum
1011 3050 1065 3112 hic
1096 3059 1132 3113 et
1158 3050 1194 3113 in

139 3146 255 3212 loturo
281 3158 497 3230 segregatuS,
514 3168 662 3232 parsque
692 3149 765 3211 eius
790 3169 867 3212 cum
899 3149 1014 3211 auaris
1037 3149 1194 3230 rapacib-

140 3267 249 3330 usque
271 3257 433 3330 ponatur,
450 3250 592 3332 eiusque
616 3248 779 3330 ligamine
801 3268 838 3311 se
861 3248 1084 3311 constrictum
1106 3249 1195 3312 sciat

141 3347 196 3410 cui
215 3345 374 3411 Christus
402 3349 518 3413 claues
548 3349 646 3431 regni
676 3348 836 3412 coelestis
866 3347 1106 3410 commendans
1132 3348 1194 3425 ait,

141 3447 222 3510 ‘Tu
247 3467 284 3511 es
303 3447 441 3525 Petrus,
459 3455 494 3511 et
511 3469 615 3530 super
635 3449 724 3512 hanc
746 3455 878 3530 petram
902 3446 1089 3510 aedificabo
1115 3466 1192 3510 aec-

141 3547 282 3610 clesiam
307 3567 431 3625 meam,
449 3554 484 3611 et
507 3548 569 3611 tibi
593 3548 683 3611 dabo
706 3547 821 3610 claues
837 3547 935 3628 regni
957 3546 1141 3624 coelorum,
1158 3556 1194 3612 et

141 3647 370 3730 quodcunque
384 3649 553 3730 ligaueris
578 3655 834 3729 superterram,
851 3649 916 3710 erit
932 3646 1078 3728 ligatum
1100 3655 1135 3710 et
1157 3649 1193 3710 in

140 3748 257 3824 coelis,
274 3754 309 3811 et
324 3748 553 3830 quodcunque
570 3747 715 3810 solueris
730 3766 834 3829 super
850 3753 988 3821 terram,
1005 3747 1069 3809 erit
1085 3748 1192 3810 solut-

141 3866 198 3909 um
225 3848 313 3911 etin
332 3848 461 3913 coelis?
514 3847 674 3928 Namque
696 3847 808 3909 adbuc
831 3866 893 3927 pro
916 3845 1074 3926 ampliori
1100 3848 1191 3908 firm·

141 3946 237 4012 itatis
263 3956 471 4012 testamento
497 3946 692 4010 omnimodo
715 3946 944 4028 praecipimus
967 3954 1071 4026 atque
1093 3965 1191 4027 prae·

140 4045 295 4129 ciplendo
321 4049 541 4112 obsecramus
568 4053 607 4109 ut
634 4053 773 4109 maneat
805 4044 873 4108 ista
899 4046 1039 4108 libertas
1066 4047 1193 4111 insolu-

141 4147 254 4210 biliter
282 4149 325 4211 ab
352 4147 444 4211 omni
476 4147 644 4211 saeculari
674 4145 853 4223 seruitute,
879 4151 918 4208 ut
946 4146 1193 4227 praedixirnuS‚
