2902 4890
235 348 264 409 4⁴
494 360 667 409 cunnum
689 355 1030 408 Anonosrxonienn.

239 519 376 602 quidem
415 519 496 582 boni
525 519 632 582 creati
657 525 749 594 sunt,
783 517 842 580 sed
872 516 1113 580 miserabiliter
1145 510 1290 593 decepti.

242 619 394 700 Ideoque
433 619 570 681 inuidus
602 619 757 682 Zabulus
789 618 872 682 totis
907 617 1038 680 uiribus
1073 613 1201 677 homini
1241 612 1291 673 in-

241 719 349 795 uidet,
372 718 494 781 suadet
519 718 664 794 mulieri,
687 717 809 780 mulier
829 718 916 792 uiro,
936 736 998 797 per
1020 715 1215 778 suasionem
1238 716 1292 773 at-

242 837 309 900 que
334 836 395 899 per
410 817 673 880 inobedientiam
692 818 792 880 ambo
806 816 941 898 decepti
959 823 1041 878 sunt
1057 811 1293 876 fraudulenter

241 936 304 999 per
333 924 472 996 gustum
502 917 595 997 pomi
630 916 714 998 ligni
742 917 855 991 uetiti,
878 922 982 997 atque
1013 914 1056 976 ab
1085 910 1294 975 amoenitate

244 1014 404 1078 Paradisi
432 1015 555 1079 deiecti
580 1022 661 1078 sunt
683 1015 718 1077 in
746 1014 812 1078 boc
835 1032 1063 1095 aerumpnoso
1086 1010 1236 1084 saeculo,
1258 1015 1295 1070 et

243 1115 351 1178 letum
377 1115 507 1177 sibiae
534 1115 682 1196 posteris
713 1114 784 1177 suis
808 1118 1082 1195 promeruerunt,
1115 1117 1220 1191 atque
1257 1108 1294 1170 in

243 1221 370 1279 tetrum
393 1214 508 1296 abyssi
529 1214 675 1277 demersi
701 1221 790 1277 sunt.
844 1213 911 1277 Sed
940 1212 1005 1275 hoc
1037 1211 1229 1273 misericors
1260 1214 1296 1269 et

243 1314 417 1396 piissimus
440 1320 539 1395 pater
568 1311 716 1377 indoluit
743 1312 854 1394 perire
884 1312 1005 1376 tandiu
1032 1309 1180 1373 nobilem
1202 1327 1302 1371 crea-r

244 1419 358 1476 turam
370 1413 424 1476 sui
438 1413 639 1494 imaginem
658 1412 819 1475 misertus
829 1418 882 1474 est
896 1411 1014 1492 generi
1028 1409 1190 1485 humano,
1203 1407 1307 1470 misitx

244 1513 343 1575 nobis
359 1513 576 1593 intempore,
593 1511 629 1574 id
647 1517 711 1587 est,
730 1518 810 1593 post
831 1511 982 1592 quinque
1004 1509 1113 1571 millia
1129 1527 1295 1572 annorum

245 1612 423 1695 proprium
439 1610 545 1673 filium
556 1631 668 1688 suum,
681 1617 720 1674 ut
734 1610 898 1673 mundum
915 1610 1087 1692 perditum
1104 1608 1228 1671 iterum
1242 1625 1297 1670 re·

248 1717 415 1789 nouaret;
441 1717 481 1773 ut
497 1711 587 1775 sicut
604 1710 725 1772 mulier
741 1710 861 1790 genuit
877 1716 1022 1773 mortem
1039 1708 1075 1770 in
1093 1706 1230 1783 mundo,
1246 1707 1298 1770 ita

246 1829 309 1891 per
331 1809 507 1872 mulierem
530 1811 634 1873 enixa
656 1817 709 1872 est
732 1809 831 1872 nobis
852 1809 926 1872 uita
942 1809 977 1871 in
996 1807 1136 1882 mundo,
1152 1814 1187 1870 et
1206 1807 1297 1871 sicut

247 1929 309 1990 per
318 1908 583 1972 delictumAdae
594 1928 710 1972 omnes
721 1908 922 1984 corruimus,
932 1908 983 1971 ita
993 1927 1055 1989 per
1066 1906 1296 1970 obedientiam

250 2008 379 2074 Christi
405 2027 522 2071 omnes
548 2009 772 2084 surreximus
796 2021 831 2071 et
852 2008 942 2071 sicut
966 2025 1060 2069 mors
1082 2025 1143 2088 per
1164 2004 1298 2086 lignum

249 2107 406 2184 intrauit,
423 2108 476 2171 'ita
497 2115 533 2171 et
555 2108 628 2171 uita
652 2128 713 2189 per
728 2108 861 2189 lignum
886 2114 1028 2171 sanctae
1051 2105 1162 2169 crucis
1189 2105 1297 2181 uenit,

249 2214 285 2271 et
302 2209 480 2290 antiquum
502 2207 677 2271 inimicum
693 2208 883 2290 superauit,
901 2215 935 2271 et
953 2206 1051 2269 fortis
1073 2205 1196 2268 fortem
1219 2204 1297 2268 alli-

251 2307 349 2388 gauit
366 2314 400 2370 et
424 2307 549 2371 inimo
570 2307 735 2371 barathro
758 2308 919 2384 retrusit3
942 2308 1032 2370 iuste
1054 2305 1156 2388 periit
1172 2303 1231 2386 qui
1245 2304 1300 2366 in·

249 2408 340 2470 iuste
367 2406 512 2489 decepit,
541 2414 646 2488 atque
670 2427 787 2470 omnes
811 2407 973 2489 antiquas
1000 2411 1141 2469 sanctas
1167 2411 1298 2467 turmas

252 2526 274 2569 a
290 2505 389 2568 fauce
414 2506 555 2587 pessimi
583 2507 693 2569 leonis
716 2506 853 2587 eripuit,
880 2512 914 2569 et
940 2524 1040 2568 ouem
1068 2503 1237 2585 perditam
1264 2504 1300 2566 in

251 2604 402 2667 humeris
432 2604 559 2685 posuit,
588 2611 623 2668 et
648 2604 692 2666 ad
716 2607 894 2685 antiquam
923 2603 1071 2684 patriam
1098 2602 1249 2679 reduxit,
1265 2609 1302 2665 et

251 2703 421 2766 decimum
449 2701 601 2766 ordinem
633 2702 801 2784 impleuit.
869 2702 970 2766 Unde
1002 2722 1067 2783 ego
1094 2701 1212 2765 Cnhut
1240 2721 1303 2764 rex

253 2800 450 2882 Anglorum
482 2808 764 2882 caeterarumque
794 2801 948 2882 gentium
976 2802 1232 2883 persistentium
1265 2802 1302 2864 in

253 2900 411 2976 circuitu,
428 2899 598 2982 patefacio
617 2902 776 2965 omnibus
804 2900 892 2965 hano
920 2902 1088 2965 cartulam
1110 2900 1304 2981 legentibus

254 3006 290 3062 et
325 2999 613 3078 auscultantibus,
652 3001 743 3082 quod
770 2999 987 3065 AEbelbertus
1024 3001 1096 3063 dux
1135 3000 1305 3064 reuelauit

254 3097 350 3174 mihi,
369 3099 460 3180 quod
488 3099 555 3162 mei
584 3100 772 3182 praepositi
797 3101 833 3163 in
856 3100 1006 3164 Deionia
1033 3099 1213 3182 prouincia
1240 3100 1303 3162 im·

256 3198 432 3279 ponebant
446 3198 565 3279 iugum
587 3200 766 3264 seruitutis
784 3200 932 3282 praediis
954 3207 1096 3263 sanctae
1119 3199 1304 3263 aecclesiae

256 3297 311 3360 dei
335 3305 370 3362 et
391 3297 465 3361 eius
487 3300 664 3380 genitricis
682 3299 828 3375 Mariae,
857 3300 1077 3382 omniumque
1106 3306 1304 3361 sanctorum

256 3417 345 3480 quae
368 3406 421 3461 est
439 3399 475 3460 in
493 3399 732 3476 Exencestria,
750 3399 864 3463 diruto
885 3399 1092 3463 monasterio
1116 3417 1137 3461 a
1158 3398 1305 3479 paganis

257 3505 292 3560 et
308 3496 468 3560 crematis
484 3499 676 3578 priuilegiis
692 3517 781 3578 quae
802 3499 936 3578 antiqui
952 3516 1050 3577 reges
1067 3505 1307 3560 concesserant

257 3595 456 3677 supradicto
483 3596 659 3659 coenobie.
728 3594 960 3673 Quamobrem
993 3614 1058 3676 ego
1086 3594 1213 3672 Cnhut,
1243 3596 1307 3659 deo

257 3694 405 3768 fauente,
428 3693 534 3756 totius
552 3692 709 3756 Albionis
733 3693 957 3774 primicerius
976 3713 1039 3776 pro
1061 3695 1226 3776 petitione
1248 3715 1306 3758 su-

257 3793 405 3874 pradicti
444 3791 553 3867 duciS,
590 3797 626 3853 et
652 3811 715 3872 pro
745 3792 894 3854 remedio
925 3793 1057 3858 animae
1092 3813 1186 3857 meae
1216 3813 1310 3858 mea·

258 3910 403 3974 rumque
437 3891 616 3973 culparum
652 3891 889 3954 emendatione
930 3900 1034 3974 atque
1070 3893 1307 3957 incolumitate

258 3991 326 4052 mei
354 3991 462 4070 regni,
479 3990 567 4055 hanc
590 3990 759 4053 cartulam
784 3991 935 4056 concedo
953 3991 1164 4057 AEbelwoldo
1190 3993 1308 4056 abbati

260 4089 402 4170 eiusque
429 4089 605 4167 fratribus,
628 4097 663 4153 et
686 4091 757 4154 suis
784 4093 1039 4156 successoribus
1056 4092 1091 4154 in
1108 4091 1307 4173 supradicto
