2902 4890
197 370 261 434 176
451 384 623 433 cunaruu
646 380 988 430 nncuosnxonrcnu.

198 540 311 603 locum
339 539 399 621 qui
424 538 549 602 dicitur
567 538 913 602 westmonasterium
937 536 1028 620 quod
1051 556 1073 599 a
1095 544 1253 619 tempore

197 640 308 702 sancti
323 638 510 720 Augustini
538 637 639 719 primi
657 635 851 719 Auglorum
869 637 1023 719 episcopi
1049 637 1249 700 institutum

198 739 374 822 multaque
403 745 556 801 ueterum
597 757 717 818 regum
758 736 993 802 munificentia
1030 736 1249 813 honoratum,

198 846 338 920 propter
370 844 579 901 uetustatem
607 844 643 901 et
664 837 860 918 frequentes
885 836 1053 900 bellorum
1079 837 1250 901 tumultus

196 956 283 1018 pene
306 937 487 1000 uidebatur
507 937 731 1002 destructum.
793 935 948 1018 Cumque
970 936 1059 999 hauc
1079 936 1249 1000 uisionem

195 1036 277 1098 mihi
294 1038 446 1118 meisque
468 1037 653 1113 retulisset,
671 1042 706 1099 et
721 1036 933 1116 apostolicae
949 1035 1069 1100 literae
1087 1036 1250 1117 aequalia

196 1144 380 1218 praecepta
401 1136 619 1211 detulissent,
642 1135 773 1199 contuli
796 1134 1010 1199 uoluntatem
1035 1154 1147 1197 meam
1169 1155 1248 1198 cum

197 1235 378 1299 uoluntate
412 1234 467 1298 dei
500 1243 535 1299 et
561 1255 638 1297 cum
664 1235 776 1298 tocius
806 1235 903 1316 regni
937 1234 1104 1298 electione
1133 1234 1248 1298 dedidi

197 1353 251 1397 me
275 1334 319 1398 ad
343 1335 605 1399 restructionem
631 1334 783 1397 eiusdem
806 1334 884 1398 loci.
939 1334 1066 1416 Itaque
1082 1334 1247 1398 decimari

196 1435 355 1516 praecepi
384 1454 519 1497 omnem
542 1434 772 1498 substantiam
795 1453 906 1496 meam
935 1441 1006 1497 tam
1035 1434 1071 1496 in
1094 1453 1180 1498 auro
1212 1442 1248 1499 ct

196 1540 340 1613 argento
369 1553 471 1619 quam
502 1535 537 1595 in
565 1533 753 1615 pecudibus
779 1542 814 1596 ct
842 1533 935 1597 omni
960 1553 1086 1614 genere
1109 1552 1249 1615 posses-

196 1632 342 1709 sionum,
366 1641 401 1699 et
424 1632 604 1696 destruens
633 1639 784 1696 ueterem
819 1652 945 1696 nouam
968 1652 990 1695 a
1015 1632 1247 1698 fundamentis

194 1733 374 1795 basilicam
403 1732 583 1794 construxi
613 1738 649 1795 et
678 1739 910 1795 constructam
940 1732 1090 1795 dedicari
1116 1732 1181 1796 feci
1200 1751 1247 1799 .V.

197 1829 421 1894 kalendarum
438 1831 612 1904 Ianuarii;
638 1833 768 1912 inqua
793 1831 963 1895 collocaui
981 1831 1063 1922 ‘ipsa
1089 1831 1144 1894 die
1170 1832 1248 1896 reli-

197 1931 296 2012 quias
326 1949 412 2012 quas
442 1930 617 1993 Martinus
646 1949 749 2011 papa,
774 1937 809 1994 et
837 1931 909 1994 Leo
937 1931 1096 2012 quicum
1124 1951 1246 1995 conse·

196 2029 307 2095 orauit
328 2030 496 2093 dederunt
519 2029 674 2092 AElfredo
696 2029 779 2110 regi,
802 2037 838 2092 et
860 2049 948 2112 quas
976 2031 1050 2112 ipse
1079 2050 1100 2093 a
1124 2031 1247 2095 Carlo-

196 2148 322 2195 manno
350 2149 430 2209 rege
460 2129 671 2192 Francorum
703 2129 777 2192 dari
814 2129 879 2192 sibi
908 2129 1118 2210 impetrauit,
1147 2131 1246 2195 cuius

194 2229 299 2291 liliam
323 2236 422 2310 pater
443 2229 517 2291 eius
536 2228 742 2293 AEtielwlfus
762 2248 824 2290 rex
846 2235 1088 2310 postmortem
1112 2230 1244 2311 primae

194 2329 349 2408 coniugis
366 2327 516 2392 duxerat
532 2348 687 2404 uxorem,
705 2346 861 2410 quaeque
877 2328 921 2391 ab
940 2329 1017 2410 ipso
1038 2329 1081 2391 ad
1107 2349 1245 2394 succes-

195 2447 306 2491 sorem
331 2428 405 2490 eius
424 2426 661 2491 AEbelstanum
677 2426 799 2490 deinde
822 2428 865 2490 ad
886 2427 1082 2509 Eadgarum
1104 2429 1147 2492 ad
1164 2431 1245 2494 ulti-

194 2546 286 2589 mum
313 2528 354 2589 ad
374 2547 437 2590 nos
462 2535 703 2609 peruenerunt,
728 2526 871 2604 scilicet,
886 2527 972 2590 duas
999 2534 1115 2609 partes
1132 2531 1245 2594 crucis

195 2626 334 2702 domini,
351 2633 385 2689 et
401 2636 534 2707 partem
554 2628 656 2690 unius
679 2625 781 2703 claui,
797 2633 998 2708 partemque
1017 2628 1152 2692 tunicae
1170 2630 1244 2692 eius

194 2724 423 2801 inconsutilis
439 2733 474 2789 et
491 2726 533 2787 de
557 2726 770 2790 uestimentis
788 2733 930 2789 sanctae
946 2725 1094 2803 Mariae,
1111 2736 1147 2790 et
1163 2729 1244 2792 reli·

195 2826 295 2908 quias
313 2825 545 2905 apostolorum
566 2826 662 2888 Petri
686 2833 720 2888 et
739 2825 853 2897 Pauli,
869 2823 1041 2902 Andreae,
1060 2826 1244 2892 Bartholo-

196 2924 275 2998 mei‚
301 2924 494 3000 Barnabae,
513 2931 547 2988 et
567 2926 710 2987 aliorum
732 2923 955 3005 plurimorum
979 2933 1188 3004 sauctorum,
1209 2938 1245 2993 et

194 3023 345 3106 quinque
373 3042 496 3105 capsas
522 3023 599 3086 aliis
625 3030 823 3086 sauctorum
850 3024 1003 3105 reliquiis
1028 3025 1172 3106 plenas3
1207 3037 1243 3092 et

193 3123 301 3186 statui
317 3130 353 3185 ut
370 3123 566 3204 quicunque
584 3142 662 3185 reus
686 3123 878 3186 maiestatis
903 3124 1018 3204 regiae
1044 3124 1100 3186 uel
1126 3127 1244 3190 cuius-

194 3222 276 3285 libet
294 3221 436 3284 alterius
461 3222 608 3285 offensae
630 3223 672 3286 ad
696 3222 809 3285 locum
830 3222 866 3284 in
891 3241 960 3304 quo
984 3232 1132 3304 pausant
1153 3226 1243 3292 istae

194 3321 358 3402 reliquiae
383 3321 589 3402 confugerit,
613 3322 686 3384 aius
708 3322 757 3383 rei
780 3328 816 3384 et
838 3322 1067 3385 membrorum
1086 3342 1127 3387 ac
1148 3326 1243 3391 uitae

193 3420 429 3501 impunitatem
448 3428 688 3502 consequatur.
741 3419 872 3484 Eodem
894 3421 949 3484 die
967 3423 1144 3500 renouaui,
1158 3443 1242 3489 con·

193 3519 338 3596 firmani,
370 3526 405 3582 et
433 3520 614 3581 emendaui
641 3506 830 3601 'priuilegia
865 3539 954 3602 quac
991 3519 1241 3589 famosissimus

194 3638 280 3684 auus
302 3637 397 3681 meus
416 3618 608 3699 EadgaruS,
627 3625 839 3701 patruusque
865 3638 961 3682 meus
989 3619 1053 3684 deo
1081 3624 1240 3689 amabilis

195 3739 255 3783 rex
277 3725 312 3782 et
328 3724 460 3800 martyr
477 3717 648 3799 gloriosus
665 3719 892 3783 Eaduuardus
908 3719 1060 3783 eiusdem
1084 3721 1238 3803 Eadgari

195 3819 296 3894 lilius,
321 3826 356 3881 et
377 3817 612 3880 sanctissimus
642 3825 740 3899 pater
758 3818 961 3882 Dunstanus
978 3818 1240 3887 cantuariensis

196 3917 481 3999 archiepiscopus
511 3936 552 3979 ac
595 3917 769 3998 piissimus
808 3938 870 3981 rex
901 3915 1106 3982 AEbelredus
1138 3929 1240 4001 pater

197 4038 301 4094 meuS,
327 4016 378 4079 illi
404 4016 480 4079 loco
508 4016 749 4089 contuleruut3
778 4036 888 4079 meam
924 4036 1060 4100 quoque
1088 4023 1240 4084 auctori-

198 4125 301 4186 tatem
326 4115 433 4181 adieci
458 4122 686 4197 augmentans
718 4116 856 4179 decreta
878 4116 978 4180 utilia
1006 4117 1240 4186 admonitione
