2902 4890
464 346 638 397 oscuras
660 347 1001 399 suonosnxonrcnn.
1191 332 1257 397 143

197 502 353 585 probaui.
426 506 466 587 ›1‹
488 504 567 588 Ego
582 505 761 572 wlsuuius
779 505 956 571 Lincoliae
972 506 1118 571 antistes
1139 525 1255 571 corro-

198 603 329 667 boraui.
400 606 441 687 ›1‹
460 604 539 688 Ego
553 605 733 671 Haroldus
755 606 828 670 dux
855 606 936 671 faui.
1009 609 1048 690 ›1‹
1075 606 1151 688 Ego
1166 605 1254 671 Tos-

198 704 291 767 tinus
306 703 381 769 dux
396 706 497 770 testis
514 705 575 770 fui.
636 709 675 790 ›1‹
692 707 836 789 Signum
854 706 971 771 Raulfi
990 708 1081 790 regis
1095 705 1252 790 dapiferi.

202 804 242 885 ›1‹
255 802 403 886 Signum
417 802 557 888 Asgeeri
571 806 664 889 regis
679 806 837 890 dapiferi.
911 810 950 889 ιχ(
964 807 1108 889 Signum
1123 806 1254 872 Marla-

197 903 329 967 suueiu.
387 906 426 987 ᾖ
447 904 593 987 Signum
609 905 753 971 Godrioi
769 907 861 971 filius
878 907 1045 990 Eadgyse.
1095 910 1134 991 ›1‹
1154 907 1253 988 Sign-

197 1022 255 1067 um
273 1002 342 1068 Uls
354 1004 397 1068 de
412 1004 581 1071 Lincolia.
654 1008 692 1089 ›1‹
721 1007 867 1089 Signum
884 1006 999 1091 Askyl
1015 1006 1133 1072 Tokes
1155 1026 1251 1072 sune.

202 1104 242 1185 ›1‹
262 1103 409 1188 Signum
425 1105 525 1171 Iaulf
537 1106 668 1171 Maltes
685 1126 783 1171 sune.

624 1402 829 1469 noocrx.

500 1518 832 1631 *uiuwsnuu
854 1551 951 1616 roeo.

252 1706 293 1787 ›1‹
315 1704 362 1770 IN
377 1711 538 1769 onomate
551 1703 676 1767 summi
690 1701 821 1785 kyrios,
839 1700 956 1766 omnia
971 1700 1048 1766 iura
1066 1722 1248 1784 regnorum

196 1804 436 1887 gubernantis,
452 1810 488 1867 et
502 1805 545 1868 ab
560 1803 633 1867 alto
649 1802 736 1867 coeli
757 1802 896 1883 fastigio
918 1809 1045 1866 cuncta
1067 1809 1250 1885 cernentis,

196 1924 263 1985 ego
287 1903 525 1969 Eadowardus
551 1904 659 1969 totius
685 1901 856 1979 Albionis,
878 1902 933 1966 dei
956 1903 1187 1970 moderamine
1215 1916 1251 1972 et

198 2004 630 2087 gubernatione,basileus,
642 2002 921 2086 archiepiscopis,
933 2004 1115 2086 episcopis,
1127 2007 1249 2071 abbat-

196 2104 287 2184 ibus,
310 2103 529 2181 centenariis,
549 2103 750 2186 cunctisque
776 2110 918 2167 sanotae
940 2102 1097 2167 fidelibus
1120 2106 1250 2170 aeccle-

196 2205 270 2270 siae
296 2205 430 2271 clericis
459 2212 495 2269 et
523 2202 634 2281 laicis,
663 2203 804 2286 insuper
829 2210 864 2267 et
893 2203 1051 2267 omnibus
1083 2213 1161 2286 post
1194 2226 1248 2271 me

196 2304 324 2371 futuris
342 2305 494 2387 regibus,
507 2304 667 2380 salutem,
682 2311 953 2386 perpetuamque
971 2304 1066 2385 pacis
1083 2304 1248 2371 foelicita-

198 2407 291 2471 teml
347 2405 526 2469 Summum
553 2404 693 2486 regibus
718 2422 760 2468 ao
796 2403 1009 2486 principibus
1036 2405 1163 2468 bonum
1194 2416 1248 2472 est

197 2505 366 2570 iustitiam
385 2505 441 2570 dei
462 2505 587 2582 colere,
601 2511 758 2568 sanctam
779 2502 980 2567 aecclesiam
1003 2503 1077 2568 eius
1093 2506 1248 2571 exaltare

197 2606 423 2684 ethonorare,
435 2604 516 2689 quia
529 2604 589 2688 qui
600 2623 676 2669 eam
687 2603 847 2668 exaltant
861 2611 896 2667 et
909 2603 1091 2682 honorant,
1101 2625 1178 2669 cum
1192 2628 1245 2686 ea,

197 2713 233 2772 et
248 2706 286 2770 in
300 2725 354 2784 ea,
366 2712 402 2771 et
416 2726 478 2788 per
495 2724 583 2782 eam,
599 2703 802 2769 exaltantur
816 2711 851 2769 et
867 2703 1089 2768 honorantur.
1142 2706 1249 2772 Prae-

196 2806 292 2871 uenit
316 2825 504 2871 cormeum
525 2805 640 2887 gratia
660 2805 727 2881 dei,
747 2811 787 2868 ut
802 2804 894 2887 quod
913 2805 957 2867 ab
974 2809 1249 2874 antecessoribus

194 2907 280 2972 meis
294 2907 436 2989 regibus
450 2904 614 2970 collatum
631 2913 685 2969 est
699 2905 773 2968 eius
790 2904 989 2982 aecclesiae,
1001 2925 1078 2970 mea
1095 2907 1249 2973 firmetur

195 3006 417 3072 authoritate.
469 3004 668 3071 Aeoclesiae
684 3023 832 3088 namque
849 3006 971 3069 beatae
988 3005 1043 3069 dei
1070 3008 1247 3089 genitricis

98 3164 101 3169 .
194 3126 400 3190 semperque
416 3105 562 3189 uirginis
576 3105 724 3182 Mariae,
735 3104 915 3187 sanctique
932 3106 1123 3184 Benedicti,
1136 3110 1247 3173 omni-

195 3227 323 3292 umque
343 3214 540 3271 sanctarum
572 3205 743 3287 uirginum
766 3224 856 3289 quae
879 3205 1032 3286 Ramsey
1053 3217 1247 3291 nuncupat-

196 3328 250 3386 ur,
264 3325 355 3392 quae
369 3307 452 3371 olim
473 3306 510 3369 in
534 3314 688 3389 tempore
712 3304 1028 3388 praecellentissimi
1050 3307 1142 3386 regis
1158 3308 1247 3371 Ead-

194 3408 271 3491 gari
309 3426 333 3473 a
366 3407 515 3490 quodam
547 3406 674 3489 insigni
708 3406 781 3470 uiro
804 3405 966 3488 AElwyno
993 3413 1165 3484 onomate,
1195 3415 1248 3472 ut-

195 3515 278 3591 pote
303 3508 341 3572 in
367 3507 520 3571 eiusdem
547 3505 638 3588 regis
663 3506 805 3588 gloriosi
828 3505 1079 3569 munificentiae
1101 3507 1246 3587 cartula,

196 3628 302 3692 quam
331 3606 458 3673 ibidem
490 3607 693 3682 donauerat,
718 3606 802 3670 data
831 3625 872 3669 ac
904 3605 1019 3687 sigillo
1046 3606 1140 3688 regio
1167 3628 1247 3672 con-

195 3709 346 3785 firmata,
366 3708 506 3790 legitur,
522 3706 757 3790 almipotentis
773 3705 902 3770 Christi
924 3706 1089 3771 mirabilis
1105 3726 1247 3790 cooper-

195 3817 277 3875 ante
292 3807 418 3891 gratia,
431 3815 485 3873 est
498 3813 708 3883 constructa,
725 3825 766 3870 ao
783 3814 952 3871 terrarum
969 3806 1117 3889 copiosis
1135 3808 1247 3874 ditata

194 3909 403 3974 muneribus.
466 3907 631 3990 Inprimis
657 3925 732 3970 eam
758 3906 809 3971 ita
839 3907 983 3970 liberam
1016 3912 1052 3970 et
1081 3908 1247 3991 quietam,

194 4016 266 4075 tam
295 4010 341 4074 ab
366 4008 459 4074 omni
488 4006 670 4072 exactione
691 4007 891 4090 episcopali,
908 4025 1012 4088 quam
1033 4024 1055 4069 a
1078 4010 1247 4075 saeculari

194 4130 270 4175 esse
301 4109 396 4187 uolo,
423 4114 465 4173 ut
491 4127 601 4192 neque
634 4126 708 4184 nos,
740 4126 852 4191 neque
881 4125 1098 4172 successores
1127 4113 1247 4189 nostri,
