2902 4890
191 351 237 416 32
452 367 625 416 charran
652 368 994 417 Anonoslxourcuu.

574 589 577 595 ’
610 623 836 689 nocxurr.

374 773 686 840 HEALDEGEN
713 771 953 851 scarnen,
978 773 1076 838 rore.

248 926 288 1007 »14
320 923 365 989 ΙΝ
398 924 535 989 nomine
566 923 694 988 domini
719 923 830 988 nostri
853 922 958 987 Ihesu
982 922 1125 1000 Christi,
1156 943 1254 989 anno

194 1025 385 1091 dominicae
402 1025 647 1089 incarnationis
664 1024 845 1088 millesimo
864 1025 996 1088 ‚xxvr⁰.
1049 1023 1125 1106 Ego
1139 1023 1257 1089 Heal·

192 1131 304 1208 begea
327 1125 479 1207 Scearpa
501 1125 545 1188 do
568 1124 738 1189 Saltuuda
760 1143 821 1206 per
839 1124 1095 1188 concessionem
1118 1124 1254 1189 domini

194 1227 261 1290 mei
283 1225 375 1307 regis
402 1224 495 1289 Cnut
517 1225 704 1289 aecclesiae
728 1224 859 1289 Christi
882 1224 1093 1289 Cantuariae
1108 1223 1254 1289 Christo

194 1325 243 1391 ibi
259 1325 488 1389 seruientibus
505 1325 683 1390 monachis
703 1325 746 1388 ad
769 1324 900 1416 uictum
917 1343 1033 1389 eorum
1055 1343 1118 1406 pro
1138 1344 1253 1389 reme·

195 1426 252 1490 dio
285 1426 420 1488 animae
448 1444 558 1503 meae,
585 1432 619 1489 et
647 1444 709 1508 pro
742 1424 854 1488 salute
881 1425 1016 1488 animae
1044 1423 1253 1506 Leofedaege

195 1526 317 1590 uxoris
350 1544 458 1601 meae,
487 1544 619 1609 proque
655 1523 872 1589 absolutione
903 1524 1040 1588 animae
1076 1524 1252 1589 Leollaede

196 1644 285 1710 quae
308 1632 391 1690 ante
407 1644 462 1691 me
476 1625 619 1689 eandem
643 1624 762 1689 uillam
784 1625 895 1693 eidem
915 1623 1103 1689 aecclesiae
1118 1624 1251 1691 Christi

194 1726 231 1789 in
248 1724 464 1790 Dorobernia
483 1725 664 1790 concessit
716 1724 753 1788 Si
770 1725 861 1806 quis,
879 1724 971 1807 quod
989 1745 1058 1789 non
1075 1731 1252 1809 optamus,

195 1825 285 1890 hanc
310 1831 463 1889 nostram
491 1825 712 1889 donationem
737 1824 923 1906 infringere
945 1826 1180 1908 temptauerit,
1203 1826 1252 1893 sit

195 1945 278 2010 pars
304 1932 339 1990 et
360 1923 509 1989 societas
535 1925 609 1988 eius
632 1945 710 1989 cum
734 1924 824 1988 Iuda
846 1920 906 2008 qui
927 1945 990 2007 pro
1013 1924 1162 1990 auaritia
1183 1945 1253 1990 sua

195 2025 339 2090 tradidit
357 2024 539 2089 ueritatem
558 2045 647 2107 quae
671 2032 725 2089 est
742 2024 914 2102 Christus,
932 2025 999 2089 nisi
1018 2025 1122 2108 plena
1144 2025 1252 2091 satis·

195 2126 346 2191 factione
369 2125 610 2190 reconcilietur
623 2126 688 2189 deo
706 2131 742 2189 et
757 2123 965 2190 hominibus.

252 2230 291 2308 »14
314 2227 391 2308 Ego
410 2225 503 2291 Cnut
518 2246 581 2289 rex
598 2226 699 2307 signo
718 2233 860 2289 sanctae
878 2225 990 2290 crucis
1007 2223 1136 2290 Christi
1151 2226 1253 2292 robo-

196 2326 274 2393 raui
294 2333 330 2391 et
346 2326 545 2411 subscripsi.
611 2327 650 2408 »14
682 2325 758 2407 Ego
776 2325 924 2407 AElfgifa
949 2326 1070 2408 regina
1091 2328 1251 2392 consensi

196 2435 232 2492 et
264 2426 463 2508 subscripsi.
536 2427 575 2508 »14
612 2425 688 2507 Ego
715 2425 934 2506 AEgelnobus
971 2425 1252 2509 archiepiscopus

197 2527 354 2592 consensi
381 2534 416 2590 et
444 2526 643 2607 subscripsi.
723 2527 762 2608 »14
783 2525 860 2606 Ego
875 2525 1057 2591 Wlstanus
1080 2526 1251 2609 archiepi-

199 2644 326 2708 scopus
342 2625 520 2689 Eboracae
536 2624 689 2688 ciuitatis
706 2627 865 2689 consensi
884 2633 919 2691 et
936 2626 1135 2708 subscripsi.
1205 2629 1247 2710 »14

199 2726 276 2807 Ego
298 2724 486 2789 AEluuinus
518 2723 701 2807 episcopus
728 2725 1000 2791 Uuentoniensis
1027 2725 1185 2791 consensi
1214 2734 1253 2794 et

198 2824 399 2907 subscripsi.
471 2825 511 2906 »14
532 2825 609 2907 Ego
628 2824 828 2890 Merehuuit
851 2826 1033 2909 episcopus
1051 2826 1254 2891 Uuellensis

198 2924 356 2990 consensi
379 2930 414 2988 et
436 2925 636 3008 subscripsi.
703 2928 742 3006 »14
760 2925 836 3007 Ego
854 2925 1046 3009 Grimcytel
1068 2927 1254 3010 episcopus

199 3022 416 3093 Australium
447 3023 626 3090 Saxonum
664 3025 822 3089 consensi
861 3033 896 3090 et
927 3026 1126 3109 subscripsi.
1205 3030 1247 3111 »14

200 3125 277 3207 Ego
291 3124 540 3189 Brihtuualdus
559 3125 742 3208 episcopus
764 3124 1034 3204 Scirburnensis.
1112 3127 1151 3208 »14
1172 3126 1254 3210 Ego

202 3224 409 3293 Goduuiuus
441 3227 546 3310 hegen
581 3225 740 3290 consensi
773 3233 808 3290 et
840 3227 1041 3309 subscripsi.
1112 3229 1151 3310 »14
1174 3227 1255 3309 Ego

201 3325 393 3390 Sinuardus
418 3327 491 3390 dux
517 3325 676 3391 consensi
695 3333 731 3390 ct
747 3326 947 3409 subscripsi.
1014 3329 1053 3410 »14
1077 3328 1152 3410 Ego
1171 3326 1258 3393 Eal.

198 3427 356 3509 gardux
377 3426 535 3491 consensi
563 3433 598 3490 et
624 3426 822 3510 subscripsi.
895 3428 935 3509 »14
963 3426 1040 3509 Ego
1062 3427 1256 3510 Durcyllus

199 3526 270 3590 dux
296 3526 454 3591 consensi
480 3532 516 3590 et
544 3526 742 3608 subscripsi.
813 3527 853 3608 »14
881 3525 958 3608 Ego
978 3527 1156 3592 Leofricus
1177 3528 1255 3595 dux

199 3625 359 3693 consensi
391 3630 426 3688 et
449 3622 647 3706 subscripsi.
721 3626 761 3707 »14
784 3624 860 3708 Ego
878 3625 1040 3709 Suuegen
1067 3629 1141 3693 dux
1168 3647 1257 3694 con-

200 3725 293 3791 sensi
315 3731 351 3790 et
372 3724 574 3806 subscripsi.
645 3723 783 3807 »14Εςο
800 3725 900 3791 Tosti
928 3726 1001 3791 dux
1030 3727 1188 3793 consensi
1217 3737 1257 3796 et

201 3824 401 3909 subscripsi.
461 3825 501 3906 »14
523 3822 599 3904 Ego
615 3822 793 3888 Eadredus
816 3826 889 3903 dux
917 3828 1076 3892 consensi
1106 3835 1142 3894 et
1170 3830 1258 3894 sub·

201 3924 334 4007 scripsi.
392 3924 431 4005 »14
452 3922 529 4006 Ego
550 3921 747 4006 Egberhtus
766 3925 923 3990 minister
943 3927 1102 3992 consensi
1119 3935 1154 3992 et
1170 3931 1259 3993 sub-

201 4024 335 4104 scripsi.
418 4026 458 4106 »14
488 4022 564 4106 Ego
597 4024 809 4089 Brihtnobus
841 4026 998 4091 minister
1028 4029 1186 4093 consensi
1219 4041 1258 4095 et

200 4123 398 4207 subscripsi.
477 4126 516 4204 »14
544 4121 620 4205 Ego
638 4124 823 4190 AE’beluull
846 4126 1001 4190 minister
1032 4128 1190 4192 consensi
1220 4139 1260 4197 et

201 4223 400 4305 subscripsi.
458 4224 498 4305 »14
520 4221 598 4305 Ego
616 4223 766 4289 Ealdred
784 4226 942 4290 consensi
959 4234 994 4291 et
1011 4229 1213 4312 subscripsi.
