2902 4890
452 380 625 429 casaria
647 380 988 432 xncnosxxonrcsn.
1229 368 1252 430 5

198 537 406 602 monasterio
432 539 722 603 commorantibus
749 539 793 602 ad
819 545 1019 621 perpetuam
1042 538 1248 617 libertatem,

192 645 239 700 ·ut
254 637 395 700 liberum
415 647 616 720 permaneat
631 639 744 720 ipsum
766 639 1014 702 monasterium
1037 657 1114 701 cum
1138 640 1248 702 omni·

196 736 263 799 bus
286 737 435 818 praediis
458 737 508 800 illi
526 738 708 813 concessis
727 745 762 800 et
783 757 859 800 cum
889 737 1046 800 omnibus
1072 738 1175 801 rebus
1202 739 1247 801 ad

199 855 276 897 eum
294 837 359 898 rite
376 837 637 918 pertinentibus,
655 837 690 899 id
708 842 772 914 est,
790 837 932 918 campis,
949 837 1070 917 pratiS,
1097 837 1246 918 pascuis,

199 935 309 1012 siluis,
324 936 579 1013 uenationihus,
595 937 764 1018 piscariiS,
778 937 822 998 ab
839 937 931 998 omni
950 936 1058 1016 regali
1075 943 1110 999 et
1129 955 1249 1000 saecu·

198 1033 262 1096 lari
288 1034 475 1114 grauedine
502 1036 632 1099 maiore
660 1043 722 1098 aut
748 1035 892 1111 minore,
917 1035 1072 1117 exceptis
1100 1036 1247 1098 assiduis

200 1133 425 1210 orationibus,
440 1135 506 1197 nisi
528 1134 603 1198 sola
622 1134 841 1216 expeditione
865 1142 900 1197 et
923 1135 1038 1215 pontis
1056 1139 1247 1198 construct-

199 1233 294 1312 ione;
329 1240 365 1296 et
393 1233 424 1295 si
452 1233 584 1315 aliquid
610 1254 672 1315 pro
698 1233 928 1314 expeditione,
954 1241 1016 1296 aut
1040 1252 1103 1315 pro
1130 1234 1246 1316 aliquo

200 1332 309 1412 regali
325 1332 454 1395 tributo
477 1332 652 1409 reddatur,
668 1332 768 1395 detur
785 1333 1005 1395 monasterio.
1040 1331 1247 1416 Quicunque

192 1451 283 1512 ,ergo
305 1430 370 1494 hoc
391 1431 519 1494 donum
540 1433 594 1495 uel
615 1431 704 1494 hanc
724 1440 877 1495 nostram
899 1431 1093 1495 libertatem
1119 1451 1247 1513 augere

199 1530 256 1594 uel
272 1530 501 1612 multiplicare
518 1531 678 1606 uoluerit,
693 1530 879 1612 amplificet
895 1531 980 1594 deus
997 1531 1088 1594 bona
1102 1531 1195 1594 illius
1210 1533 1247 1594 in

194 1631 340 1711 regione
356 1630 559 1706 uiuentium,
569 1650 722 1712 paceque
739 1637 858 1693 nostra
871 1629 1111 1710 conglutinata
1127 1631 1248 1712 uigens

200 1738 235 1793 et
260 1729 399 1806 florenS,
426 1737 531 1811 atque
558 1730 648 1792 inter
675 1730 815 1810 agmina
841 1729 1064 1793 beatitudinis
1097 1729 1248 1810 tripudia

192 1829 374 1905 succedat,
401 1829 461 1910 qui
489 1837 628 1893 nostrae
655 1828 849 1892 donationis
876 1829 1010 1891 muneri
1043 1829 1248 1893 consentiat.

192 1927 238 1990 ,Si
265 1929 343 2010 quis
370 1947 454 1991 uero
486 1933 557 1991 tam
588 1928 791 2010 epilenticus
825 1928 1058 2011 philargyriae
1086 1928 1248 1992 seductus

200 2027 362 2103 amentia,
373 2027 466 2109 quod
484 2047 552 2091 non
574 2028 845 2110 optamuS‚hanc
858 2035 997 2091 nostrae
1011 2028 1247 2111 eleemosynae

200 2127 432 2209 dapsilitatem
455 2147 542 2190 ausu
564 2128 746 2191 temerario
768 2127 954 2207 infringere
980 2127 1178 2203 tentauerit‚
1202 2129 1248 2191 sit

200 2229 274 2309 ipse
300 2226 471 2290 alienatus
488 2246 509 2290 a
526 2229 699 2290 consortio
716 2233 858 2289 sanctae
882 2226 936 2289 dei
953 2226 1151 2303 aecclesiae,
1168 2246 1248 2289 nec·

200 2347 270 2390 non
298 2333 334 2390 et
357 2345 379 2389 a
403 2326 669 2408 participatione
692 2326 902 2388 sacrosancti
924 2325 1077 2406 corporis
1104 2332 1140 2388 et
1166 2344 1247 2389 san-

200 2425 313 2507 guinis
331 2425 436 2489 Ihesu
453 2424 582 2489 Christi
607 2425 668 2488 filii
692 2425 759 2500 dei,
774 2444 952 2507 perquem
970 2430 1064 2488 totus
1079 2431 1247 2488 terrarum

196 2526 291 2589 orbis
306 2527 350 2588 ab
365 2526 509 2609 antiquo
526 2523 667 2588 humani
685 2525 819 2606 generis
836 2523 972 2587 inimico
994 2523 1159 2588 liberatus
1183 2532 1248 2603 est,

194 2631 236 2689 ,et
253 2645 330 2688 cum
347 2624 436 2688 Iuda
450 2624 581 2688 Christi
603 2625 777 2707 proditore
799 2623 940 2687 sinistra
962 2624 997 2686 in
1019 2631 1118 2705 parte
1141 2624 1248 2706 depu-

200 2731 307 2801 tatus,
329 2725 395 2787 nisi
420 2725 515 2806 prius
533 2723 589 2788 hic
603 2725 708 2806 digna
723 2723 959 2788 satisfactione
972 2722 1109 2786 humilis
1131 2725 1249 2805 poeni-

202 2823 316 2900 tuerit,
347 2823 438 2905 quod
464 2832 586 2887 contra
615 2833 770 2888 sanctam
795 2823 850 2886 dei
880 2822 1082 2887 aecclesiam
1111 2824 1248 2887 rebellis

200 2943 303 3006 agere
327 2923 569 3005 praesumpsit,
592 2944 655 2987 nec
680 2925 716 2986 in
737 2923 812 2986 uita
832 2922 897 2986 hac
922 2923 1075 3005 practica
1097 2923 1246 3001 ueniam,

200 3043 264 3088 nec
286 3024 322 3086 in
345 3022 498 3087 theorica
514 3025 666 3106 requiem
687 3029 849 3104 apostata
869 3023 1023 3086 obtineat
1045 3023 1164 3101 ullam,
1187 3024 1248 3087 sed

187 3123 348 3186 aeternis
374 3122 529 3187 barathri
554 3122 720 3187 incendiis
744 3129 861 3186 trusus
886 3122 1013 3203 iugiter
1036 3123 1247 3187 miserrimus

198 3207 381 3286 crucietur]
447 3220 551 3285 Anno
585 3222 775 3285 dominicae
808 3221 1055 3284 incarnationis
1082 3226 1246 3287 .M⁰.x1x⁰.

197 3312 384 3389 ihdictione
404 3338 455 3384 .11.
479 3320 609 3402 scripta
636 3328 690 3384 est
714 3319 815 3383 huius
834 3319 1088 3383 munificentiae
1104 3339 1247 3402 syngra-

193 3422 280 3506 pha,
321 3422 388 3485 hiis
418 3421 563 3484 testibus
598 3419 890 3483 consentientibus
922 3440 1067 3502 quorum
1106 3420 1247 3484 inferius

199 3523 339 3588 nomina
352 3521 539 3585 secundum
561 3520 830 3601 uniuscuiusque
848 3519 1050 3599 dignitatem
1068 3520 1247 3602 utriusque

199 3622 329 3687 ordinis
343 3620 544 3697 decusatim,
559 3621 696 3685 domino
713 3619 927 3701 disponente,
944 3626 1183 3682 carraxantur.

255 3724 293 3802 ›1‹
312 3720 388 3801 Ego
403 3719 519 3782 Cnhut
535 3721 736 3784 Britanniae
752 3717 944 3800 Anglorum
960 3718 1166 3782 monarchus
1183 3718 1248 3789 hoc

199 3827 353 3886 taumate
377 3820 503 3883 donum
526 3820 625 3901 agiae
647 3819 759 3883 crucis
775 3819 946 3882 roboraui.
1011 3820 1050 3898 ›1‹
1066 3818 1142 3898 Ego
1156 3818 1247 3900 Lyn-

199 3923 260 4003 ing
279 3920 553 3984 Dorouernensis
574 3919 738 3983 basilicae
761 3917 889 3999 primas
917 3916 995 3979 huic
1021 3916 1127 3998 regali
1156 3918 1246 3983 dono

190 4039 377 4111 ,assensum
404 4019 556 4100 praebui.
630 4014 1247 4099 ›1‹EgoWulfstanusEboracensis

199 4118 382 4185 cathedrae
402 4118 651 4200 archipontifex
673 4118 810 4198 signum
834 4123 975 4180 sanctae
999 4118 1109 4179 crucis
1136 4117 1246 4181 laetus
