2902 4890
192 345 257 409 126
449 360 620 409 cnnnrun
647 358 984 408 nueuosnxouronn.

194 518 337 595 scilicet,
372 514 522 580 Eadredi
558 513 801 578 restauratoris
835 514 917 579 dicti
955 515 1170 592 monasterii,
1213 524 1249 581 et

196 617 348 700 Eadgari
371 618 430 680 aui
452 615 531 692 mei,
561 614 747 697 praedictis
771 614 949 678 monachis
969 622 1142 679 eteorum
1172 635 1249 679 suc-

194 718 387 782 cessoribus
406 715 557 780 concedo
572 721 608 778 et
627 714 792 778 confirmo
810 732 888 777 cum
903 716 1062 779 omnibus
1078 715 1250 779 libertati-

194 818 259 880 bus
277 823 313 880 et
329 814 520 899 priuilegiis
539 814 576 875 in
596 833 714 877 eorum
731 812 970 897 chirographis
992 814 1086 878 dicto
1108 833 1250 877 monas-

194 916 282 980 terio
305 915 477 979 concessis
500 919 537 976 et
558 913 741 990 contentis,
761 912 920 976 habenda
946 919 1067 978 sancto
1091 911 1250 977 Gndlaco

194 1022 230 1078 et
247 1014 433 1096 praedictis
455 1011 633 1076 monachis
649 1012 721 1076 suis
736 1012 772 1074 in
789 1031 912 1095 puram
935 1012 1086 1094 regalem
1101 1012 1251 1076 eleemo-

194 1133 316 1196 synam
333 1114 370 1176 in
386 1119 599 1195 perpetuum.

245 1213 424 1286 Testibus;
456 1211 616 1292 Eadgiita
645 1210 764 1290 regina
788 1228 877 1287 mea,
896 1209 1026 1273 Eadsio
1052 1217 1087 1273 et
1102 1209 1251 1273 AElfrico

195 1311 473 1393 archiepiscopis,
493 1309 677 1386 Godwino,
697 1309 856 1373 Leofrico
879 1314 915 1372 et
928 1309 1096 1385 siwardo,
1114 1309 1250 1375 comiti-

194 1412 271 1488 bus,
282 1430 360 1474 cum
376 1409 520 1474 caeteris
534 1409 758 1491 optimatibus
772 1409 869 1485 meis,
886 1409 946 1490 qui
959 1414 1082 1472 assunt
1097 1408 1134 1471 in
1150 1409 1249 1472 ouria

194 1530 271 1574 mea
289 1511 417 1574 multis.

668 1602 788 1614 -n

614 1720 835 1786 oooxov.

539 1868 787 1961 *ooaonu
807 1869 903 1934 1051.

251 2004 290 2082 ’1⁴
312 2000 387 2065 Eco
403 1999 577 2063 Doroldus
599 2000 642 2063 de
669 1999 873 2064 Bukenhale
895 2019 1010 2064 coram
1032 2000 1247 2065 nobilissimo

194 2101 332 2165 domino
349 2120 425 2163 meo
445 2099 603 2162 Leofrico
626 2101 751 2163 comite
770 2100 992 2182 Leycestriae,
1015 2106 1050 2163 et
1074 2101 1248 2164 nobilissi-

193 2220 251 2264 ma
264 2201 439 2264 comitissa
451 2217 516 2261 sua
532 2199 671 2263 domina
684 2198 823 2262 Godiua
834 2218 951 2262 sorore
968 2218 1056 2275 mea,
1074 2218 1152 2263 cum
1165 2218 1245 2263 con-

194 2319 298 2363 sensu
315 2304 350 2361 et
368 2299 460 2362 bona
477 2297 658 2362 uoluntate
674 2298 803 2361 domini
817 2304 854 2362 ct
867 2298 1008 2379 cognati
1028 2298 1095 2361 mei
1111 2298 1247 2362 comitis

197 2398 347 2479 AElfgari
383 2397 601 2478 primogeniti
633 2404 668 2460 et
701 2397 858 2461 haeredis
889 2416 1019 2473 eorum,
1051 2396 1180 2460 donaui
1212 2406 1248 2461 et

194 2496 321 2561 tradidi
336 2496 400 2560 deo
418 2501 454 2559 et
471 2503 591 2560 sancto
609 2496 769 2560 Guitlaco
786 2495 1016 2578 Croylandiae
1033 2495 1069 2560 in
1086 2497 1245 2560 manibus

194 2595 322 2660 domini
335 2595 521 2675 Wl[f]gati
538 2596 674 2660 abbatis
687 2595 770 2659 dicti
787 2595 1018 2680 croylandiae
1034 2597 1246 2673 monasterii,

195 2695 239 2758 ad
263 2694 498 2758 fundationem
521 2694 629 2758 cellae
652 2694 960 2776 croylandensium
988 2693 1246 2772 monachorum,

194 2795 230 2856 in
252 2793 415 2856 honorem
438 2799 580 2857 sauctae
603 2793 660 2857 dei
676 2794 853 2874 genitricis
875 2812 1077 2876 semperque
1100 2793 1245 2876 uirginis

196 2892 342 2967 Mariae,
362 2892 399 2954 in
421 2891 504 2954 uilla
519 2892 561 2955 de
584 2891 775 2975 Spaldyng,
792 2899 903 2957 totum
927 2893 1116 2957 manerium
1131 2913 1245 2957 meum

194 2992 298 3055 situm
328 2991 430 3054 iuxta
455 2991 686 3074 parochialem
716 2992 919 3056 aecclesiam
945 2993 1097 3056 eiusdem
1129 2993 1245 3069 uillae,

194 3091 284 3155 inter
300 3089 490 3154 manerium
505 3091 672 3172 praedicti
694 3091 824 3155 domini
841 3092 909 3155 mei
927 3091 1078 3156 Leofrici
1096 3093 1245 3169 comitis,

194 3197 231 3255 et
257 3191 368 3273 ripam
392 3188 639 3254 occidentalem
664 3190 816 3255 fluminis
843 3190 996 3254 eiusdem
1021 3191 1138 3267 uillae,
1167 3211 1245 3255 cum

194 3291 353 3354 omnibus
388 3288 490 3353 terris
526 3296 561 3354 et
594 3291 811 3367 tenementis,
848 3289 1049 3367 redditibus,
1082 3290 1246 3368 seruitiis

193 3389 332 3466 aueriis,
352 3394 388 3452 et
407 3389 611 3453 utensilibus
633 3409 723 3471 qnae
742 3388 847 3455 habui
866 3389 903 3452 in
925 3389 1018 3453 dieto
1036 3388 1189 3453 manerio
1211 3396 1247 3461 et

193 3488 230 3551 in
244 3488 337 3552 dicta
354 3487 450 3564 uilla,
468 3495 503 3551 et
518 3487 554 3550 in
572 3489 703 3570 campis
719 3488 805 3564 eius,
823 3488 948 3552 tamin
968 3495 1068 3570 parte
1086 3488 1247 3553 orientali

194 3586 345 3651 fluminis
363 3604 465 3667 quam
488 3587 522 3648 in
546 3587 620 3650 eius
637 3593 736 3669 parte
754 3586 970 3664 occidentali,
988 3606 1065 3651 cum
1086 3588 1246 3651 omnibus

194 3684 406 3769 appendiciis
446 3684 530 3761 suis,
574 3685 717 3763 scilicet,
763 3685 966 3769 Colgrinum
1010 3686 1246 3768 praepositum

194 3804 320 3861 meum,
338 3790 501 3848 ettotam
522 3785 699 3868 sequelam
724 3805 836 3864 suam,
858 3805 936 3850 cum
958 3785 1119 3850 omnibus
1145 3785 1247 3851 bonis

194 3893 230 3948 et
256 3882 392 3948 catallis
423 3902 511 3964 quae
541 3882 645 3948 habet
675 3885 711 3947 in
741 3885 835 3949 dicta
862 3885 949 3948 uilla
979 3891 1016 3949 et
1044 3884 1081 3948 in
1114 3886 1246 3968 campis

194 3984 268 4046 eius
301 3990 337 4046 et
364 3982 531 4058 mariscis,
559 3984 690 4065 absque
718 3984 836 4066 aliquo
862 3983 905 4048 de
936 3983 1094 4048 omnibus
1124 3984 1246 4049 retine

192 4088 319 4148 mento.
371 4082 462 4146 Item
480 4081 713 4164 Hardyngum
728 4076 874 4161 fabrum,
891 4089 926 4147 et
944 4091 1052 4148 totam
1068 4083 1246 4167 sequelam
