2902 4890
251 360 317 426 184
504 378 683 426 onnnrnn·
702 374 1046 425 nnenosnxonrcnu.

253 534 471 618 omnipotens
494 532 579 599 deus
596 539 749 616 praestet
766 534 937 611 effectum,
954 541 989 598 et
1006 533 1182 598 confirmet
1206 531 1308 596 uobis

253 637 387 720 paterni
406 635 503 717 regni
520 637 712 719 imperium,
736 643 771 700 et
793 636 923 700 tribuat
937 635 1033 716 pacis
1047 632 1308 706 incrementum,

255 744 290 801 et
302 742 383 821 post
394 737 583 818 praesentis
595 737 689 800 uitae
700 736 881 800 decursum
894 735 1061 818 perducat
1073 735 1115 799 ad
1129 741 1307 798 aeternum

254 837 486 919 permanentis
512 835 643 918 gloriae
668 836 859 918 imperium.
918 835 1142 901 Renouamus
1166 839 1308 916 ergoet

255 937 497 1001 confirmamus
514 944 550 1000 et
566 955 732 1017 augemus
757 937 856 1001 uobis
879 935 1061 1018 priuilegia
1080 941 1217 1008 uestra;
1244 933 1309 997 sci-

253 1036 336 1102 licet
350 1043 390 1100 ut
400 1036 555 1101 'absoluti
571 1036 647 1100 sitis
664 1038 708 1100 ab
725 1035 786 1100 illo
803 1043 886 1100 uoto
903 1036 994 1118 quod
1011 1035 1197 1111 timebatis,
1211 1040 1246 1098 et
1264 1034 1308 1096 ab

256 1137 414 1200 omnibus
440 1136 518 1200 aliis
540 1137 691 1219 peccatis
717 1143 751 1198 et
774 1136 1016 1218 iniquitatibus
1033 1135 1170 1213 uestris,
1188 1140 1308 1198 aucto-

255 1237 358 1300 ritate
384 1236 477 1299 illius
505 1237 565 1319 qui
587 1254 642 1300 me
665 1236 746 1300 licet
767 1235 944 1317 indignum
967 1254 1051 1300 suae
1072 1242 1214 1300 sauctae
1234 1233 1307 1298 sedi

256 1356 433 1420 prae-esse
451 1336 574 1400 uoluit.
618 1335 805 1400 Praeterea
817 1336 868 1400 illi
883 1337 959 1400 loco
974 1355 1075 1418 quem
1090 1336 1154 1399 sub
1172 1334 1310 1398 nomine

257 1443 398 1500 sanctae
407 1435 639 1519 poenitentiae
649 1436 916 1500 construendum
930 1443 965 1500 et
974 1434 1221 1500 meliorandum
1236 1453 1311 1497 sus·

255 1536 410 1617 cepistis,
421 1537 581 1618 quoniam
598 1544 637 1601 ut
650 1536 757 1600 lertur
768 1537 912 1619 primam
925 1535 1115 1618 antiquitus
1132 1553 1311 1599 consecra-

257 1636 386 1701 tionem
401 1638 535 1700 abeato
549 1637 654 1700 Petro
672 1637 816 1719 accepit,
829 1637 926 1700 cuius
940 1636 1023 1701 licet
1041 1634 1174 1717 indigni
1188 1635 1310 1698 uicarii

257 1737 376 1813 simus
388 1743 423 1800 et
440 1737 522 1818 quia
539 1737 634 1818 regia
647 1737 838 1818 antiquitus
854 1736 953 1800 sedes
970 1743 1035 1813 est,
1045 1755 1089 1799 ex
1104 1735 1311 1799 auctoritate

259 1836 314 1900 dei
336 1845 371 1900 et
391 1843 588 1900 sanctorum
612 1836 844 1917 apostolorum
874 1844 979 1918 atque
1004 1835 1106 1900 huius
1130 1835 1311 1898 Romanae

258 1936 349 2001 sedis
365 1943 400 2000 et
415 1943 535 2000 nostra
551 1936 781 2013 concedimus,
798 1937 1040 2018 permittimus,
1056 1943 1091 1999 et
1106 1934 1312 1998 solidissime

259 2036 500 2101 confirmamus
522 2043 562 2100 ut
579 2036 726 2120 amplius
740 2038 991 2118 imperpetuum
1011 2035 1127 2116 regiae
1142 2035 1310 2099 constitu-

260 2137 362 2202 tionis
389 2146 424 2200 et
452 2137 720 2201 consecrationis
744 2136 840 2200 locus
863 2137 920 2212 sit,
944 2143 1048 2219 atque
1070 2135 1311 2218 repositorium

258 2238 427 2320 regalium
457 2237 656 2319 insignium,
678 2243 715 2301 et
740 2235 908 2300 habitatio
938 2244 1105 2318 perpetua
1128 2234 1312 2299 monacho

259 2358 347 2414 rum,
372 2337 431 2420 qui
459 2336 544 2402 nulli
571 2337 709 2402 omnino
732 2354 900 2419 personae
927 2337 991 2399 nisi
1014 2337 1088 2418 regi
1107 2335 1314 2413 subdantur,

259 2438 477 2519 habeantque
504 2444 711 2520 potestatem
734 2437 921 2500 secundum
943 2436 1098 2518 regulam
1119 2435 1228 2499 sancti
1242 2436 1311 2500 Be·

261 2538 388 2603 nedicti
405 2558 466 2619 per
480 2536 714 2602 successiones
733 2537 860 2618 eligere
879 2557 924 2600 ex
944 2556 981 2601 se
997 2536 1138 2601 idoneos
1155 2537 1312 2614 abbates„

261 2658 372 2721 neque
397 2637 633 2701 introducatur
655 2657 717 2718 per
747 2636 948 2700 uiolentiam
972 2643 1140 2701 extranea
1164 2655 1313 2719 persona

261 2739 326 2801 nisi
343 2757 442 2820 quem
465 2756 608 2801 concors
627 2737 849 2818 congregatio
871 2737 936 2801 sibi
958 2754 1136 2820 prae-esse
1154 2735 1310 2818 elegerit.

260 2836 485 2901 Absoluimus
510 2837 613 2900 etiam
643 2837 740 2899 illum
767 2836 881 2900 locum
909 2838 953 2900 ab
981 2837 1075 2901 omni
1103 2837 1245 2901 seruitio
1277 2845 1313 2902 et

260 2936 494 3001 dominatione
520 2937 719 3019 episcopali,
743 2942 783 3000 ut
809 2936 924 3000 nullus
946 2937 1128 3020 episcopus
1148 2937 1231 3000 illuc
1258 2937 1314 3000 in*

260 3042 374 3102 troeat
403 3036 623 3100 ordinaturus
651 3044 713 3100 aut
741 3044 988 3118 praecepturus
1018 3037 1147 3119 aliquid
1172 3037 1237 3100 nisi
1267 3058 1312 3101 ex

260 3137 427 3220 petitione
450 3142 485 3200 et
509 3137 680 3200 consensu
699 3137 835 3201 abbatis
859 3144 894 3201 et
912 3135 1170 3214 monachorum,
1193 3144 1228 3201 et
1249 3137 1313 3201 ha-

262 3240 343 3304 beat
366 3238 454 3301 idem
475 3237 572 3300 locus
593 3238 736 3301 liberum
760 3238 994 3320 praecinctum
1013 3236 1047 3302 id
1071 3245 1124 3302 est
1146 3238 1312 3301 ambitum

262 3344 297 3401 et
314 3337 554 3402 coemeterium
572 3345 784 3403 mortuorum
804 3338 896 3402 circa
916 3356 954 3402 se
976 3338 1106 3421 absque
1123 3337 1313 3420 episcopali

261 3438 319 3501 uel
351 3438 584 3519 cuiuscunque
616 3445 774 3520 respectu
802 3438 859 3501 uel
896 3439 1090 3515 exactione,
1124 3444 1159 3501 et
1198 3439 1315 3503 omnia

263 3556 352 3619 quae
387 3536 430 3600 ad
469 3536 663 3601 libertatem
695 3547 729 3601 et
767 3537 1016 3601 exaltationem
1043 3537 1137 3601 illius
1166 3537 1232 3601 loci
1269 3538 1314 3603 ad

178 3665 183 3669 ·
262 3638 427 3700 honorem
457 3636 515 3699 dei
551 3636 759 3719 pertinentia
794 3656 856 3720 per
887 3645 1040 3702 nostram
1072 3637 1315 3702 auctoritatem

263 3737 426 3801 accedere
461 3743 605 3817 possunt
639 3735 741 3799 hilari
776 3742 811 3800 et
841 3737 1098 3819 promptissima
1134 3737 1315 3803 uoluntate

261 3836 492 3901 concedimus.
545 3834 787 3899 Possessiones
816 3846 931 3900 autem
950 3856 1037 3919 quas
1059 3836 1193 3920 antiqui
1215 3856 1316 3918 reges
1419 3870 1421 3874 >

262 3957 325 4000 seu
353 3936 549 4017 quicunque
580 3935 639 3998 alii
673 3935 828 3999 homines
863 3956 928 4000 uos
961 3956 1098 4021 quoque
1136 3954 1176 4000 ac
1207 3937 1317 4002 uestri

264 4039 411 4100 barones
437 4037 480 4099 ad
503 4035 648 4098 eundem
671 4036 783 4098 locum
807 4037 1014 4114 contulistis,
1041 4044 1075 4100 et
1093 4045 1208 4101 cartas
1227 4056 1317 4119 quae

222 4136 227 4142 “
264 4156 309 4200 ex
327 4137 377 4200 eis
395 4136 506 4199 sactae
529 4142 621 4212 sunt,
640 4135 757 4199 diuina
772 4143 807 4199 et
830 4144 949 4200 nostra
972 4137 1179 4207 auctoritate
1195 4138 1316 4211 robor·
